%YAML 1.1
%TAG !u! tag:unity3d.com,2011:
--- !u!1 &30773996306467245
GameObject:
  m_ObjectHideFlags: 0
  m_CorrespondingSourceObject: {fileID: 0}
  m_PrefabInstance: {fileID: 0}
  m_PrefabAsset: {fileID: 0}
  serializedVersion: 6
  m_Component:
  - component: {fileID: 1562284553629129566}
  m_Layer: 0
  m_Name: mixamorig:RightHandRing1
  m_TagString: Untagged
  m_Icon: {fileID: 0}
  m_NavMeshLayer: 0
  m_StaticEditorFlags: 0
  m_IsActive: 1
--- !u!4 &1562284553629129566
Transform:
  m_ObjectHideFlags: 0
  m_CorrespondingSourceObject: {fileID: 0}
  m_PrefabInstance: {fileID: 0}
  m_PrefabAsset: {fileID: 0}
  m_GameObject: {fileID: 30773996306467245}
  m_LocalRotation: {x: 0.6722197, y: -0.04802087, z: -0.033711262, w: 0.7380233}
  m_LocalPosition: {x: 0.00970495, y: 0.10365709, z: -0.0010974006}
  m_LocalScale: {x: 1, y: 1, z: 1}
  m_Children:
  - {fileID: 4386787780147829974}
  m_Father: {fileID: 8257213514547987354}
  m_RootOrder: 3
  m_LocalEulerAnglesHint: {x: 59.36933, y: 4.6825624, z: 11.468535}
--- !u!1 &56462702027291071
GameObject:
  m_ObjectHideFlags: 0
  m_CorrespondingSourceObject: {fileID: 0}
  m_PrefabInstance: {fileID: 0}
  m_PrefabAsset: {fileID: 0}
  serializedVersion: 6
  m_Component:
  - component: {fileID: 3255011126120214532}
  m_Layer: 0
  m_Name: mixamorig:LeftHandThumb1
  m_TagString: Untagged
  m_Icon: {fileID: 0}
  m_NavMeshLayer: 0
  m_StaticEditorFlags: 0
  m_IsActive: 1
--- !u!4 &3255011126120214532
Transform:
  m_ObjectHideFlags: 0
  m_CorrespondingSourceObject: {fileID: 0}
  m_PrefabInstance: {fileID: 0}
  m_PrefabAsset: {fileID: 0}
  m_GameObject: {fileID: 56462702027291071}
  m_LocalRotation: {x: 0.2197586, y: -0.22129463, z: -0.41824907, w: 0.8531135}
  m_LocalPosition: {x: 0.029320471, y: 0.027838318, z: 0.0041961283}
  m_LocalScale: {x: 1, y: 1, z: 1}
  m_Children:
  - {fileID: 5473583022005853576}
  m_Father: {fileID: 3539349836769356177}
  m_RootOrder: 4
  m_LocalEulerAnglesHint: {x: 22.228378, y: -27.239605, z: -28.241488}
--- !u!1 &157691504275149280
GameObject:
  m_ObjectHideFlags: 0
  m_CorrespondingSourceObject: {fileID: 0}
  m_PrefabInstance: {fileID: 0}
  m_PrefabAsset: {fileID: 0}
  serializedVersion: 6
  m_Component:
  - component: {fileID: 3221804074855006242}
  - component: {fileID: 8812673706352431987}
  - component: {fileID: 4686424888151292936}
  m_Layer: 0
  m_Name: Fill
  m_TagString: Untagged
  m_Icon: {fileID: 0}
  m_NavMeshLayer: 0
  m_StaticEditorFlags: 0
  m_IsActive: 1
--- !u!224 &3221804074855006242
RectTransform:
  m_ObjectHideFlags: 0
  m_CorrespondingSourceObject: {fileID: 0}
  m_PrefabInstance: {fileID: 0}
  m_PrefabAsset: {fileID: 0}
  m_GameObject: {fileID: 157691504275149280}
  m_LocalRotation: {x: 0, y: 0, z: 0, w: 1}
  m_LocalPosition: {x: 0, y: 0, z: 0}
  m_LocalScale: {x: 1, y: 1, z: 1}
  m_Children: []
  m_Father: {fileID: 6295976764596369254}
  m_RootOrder: 0
  m_LocalEulerAnglesHint: {x: 0, y: 0, z: 0}
  m_AnchorMin: {x: 0, y: 0}
  m_AnchorMax: {x: 0, y: 0}
  m_AnchoredPosition: {x: -0.0011999607, y: -0.0024000108}
  m_SizeDelta: {x: -0.022038698, y: -0.03918028}
  m_Pivot: {x: 0.5, y: 0.5}
--- !u!222 &8812673706352431987
CanvasRenderer:
  m_ObjectHideFlags: 0
  m_CorrespondingSourceObject: {fileID: 0}
  m_PrefabInstance: {fileID: 0}
  m_PrefabAsset: {fileID: 0}
  m_GameObject: {fileID: 157691504275149280}
  m_CullTransparentMesh: 0
--- !u!114 &4686424888151292936
MonoBehaviour:
  m_ObjectHideFlags: 0
  m_CorrespondingSourceObject: {fileID: 0}
  m_PrefabInstance: {fileID: 0}
  m_PrefabAsset: {fileID: 0}
  m_GameObject: {fileID: 157691504275149280}
  m_Enabled: 1
  m_EditorHideFlags: 0
  m_Script: {fileID: 11500000, guid: fe87c0e1cc204ed48ad3b37840f39efc, type: 3}
  m_Name: 
  m_EditorClassIdentifier: 
  m_Material: {fileID: 0}
  m_Color: {r: 0, g: 1, b: 0.12042332, a: 1}
  m_RaycastTarget: 1
  m_Maskable: 1
  m_OnCullStateChanged:
    m_PersistentCalls:
      m_Calls: []
  m_Sprite: {fileID: 0}
  m_Type: 0
  m_PreserveAspect: 0
  m_FillCenter: 1
  m_FillMethod: 4
  m_FillAmount: 1
  m_FillClockwise: 1
  m_FillOrigin: 0
  m_UseSpriteMesh: 0
  m_PixelsPerUnitMultiplier: 1
--- !u!1 &251679146726585363
GameObject:
  m_ObjectHideFlags: 0
  m_CorrespondingSourceObject: {fileID: 0}
  m_PrefabInstance: {fileID: 0}
  m_PrefabAsset: {fileID: 0}
  serializedVersion: 6
  m_Component:
  - component: {fileID: 5997591302529878314}
  m_Layer: 0
  m_Name: mixamorig:LeftToe_End
  m_TagString: Untagged
  m_Icon: {fileID: 0}
  m_NavMeshLayer: 0
  m_StaticEditorFlags: 0
  m_IsActive: 1
--- !u!4 &5997591302529878314
Transform:
  m_ObjectHideFlags: 0
  m_CorrespondingSourceObject: {fileID: 0}
  m_PrefabInstance: {fileID: 0}
  m_PrefabAsset: {fileID: 0}
  m_GameObject: {fileID: 251679146726585363}
  m_LocalRotation: {x: -4.5610824e-11, y: 1.3649193e-11, z: -0.0000000031597431, w: 1}
  m_LocalPosition: {x: 8.7592217e-10, y: 0.0746042, z: 1.4893404e-11}
  m_LocalScale: {x: 1, y: 1, z: 1}
  m_Children: []
  m_Father: {fileID: 3652052076382833916}
  m_RootOrder: 0
  m_LocalEulerAnglesHint: {x: 0, y: 0, z: 0}
--- !u!1 &254771465326947259
GameObject:
  m_ObjectHideFlags: 0
  m_CorrespondingSourceObject: {fileID: 0}
  m_PrefabInstance: {fileID: 0}
  m_PrefabAsset: {fileID: 0}
  serializedVersion: 6
  m_Component:
  - component: {fileID: 4548157142814602114}
  m_Layer: 0
  m_Name: mixamorig:RightHandPinky4
  m_TagString: Untagged
  m_Icon: {fileID: 0}
  m_NavMeshLayer: 0
  m_StaticEditorFlags: 0
  m_IsActive: 1
--- !u!4 &4548157142814602114
Transform:
  m_ObjectHideFlags: 0
  m_CorrespondingSourceObject: {fileID: 0}
  m_PrefabInstance: {fileID: 0}
  m_PrefabAsset: {fileID: 0}
  m_GameObject: {fileID: 254771465326947259}
  m_LocalRotation: {x: -0.000000020905865, y: 2.873355e-10, z: -7.7896467e-10, w: 1}
  m_LocalPosition: {x: -0.000010608588, y: 0.022441544, z: -2.9492353e-11}
  m_LocalScale: {x: 1, y: 1, z: 1}
  m_Children: []
  m_Father: {fileID: 5273787509699695162}
  m_RootOrder: 0
  m_LocalEulerAnglesHint: {x: 0, y: 0, z: 0}
--- !u!1 &321898491857899889
GameObject:
  m_ObjectHideFlags: 0
  m_CorrespondingSourceObject: {fileID: 0}
  m_PrefabInstance: {fileID: 0}
  m_PrefabAsset: {fileID: 0}
  serializedVersion: 6
  m_Component:
  - component: {fileID: 326026285090900568}
  m_Layer: 0
  m_Name: mixamorig:RightToe_End
  m_TagString: Untagged
  m_Icon: {fileID: 0}
  m_NavMeshLayer: 0
  m_StaticEditorFlags: 0
  m_IsActive: 1
--- !u!4 &326026285090900568
Transform:
  m_ObjectHideFlags: 0
  m_CorrespondingSourceObject: {fileID: 0}
  m_PrefabInstance: {fileID: 0}
  m_PrefabAsset: {fileID: 0}
  m_GameObject: {fileID: 321898491857899889}
  m_LocalRotation: {x: 0.0000000011144692, y: -2.3070329e-10, z: -0.000000009198828,
    w: 1}
  m_LocalPosition: {x: -2.2449581e-10, y: 0.072465755, z: 3.8224854e-11}
  m_LocalScale: {x: 1, y: 1, z: 1}
  m_Children: []
  m_Father: {fileID: 4853634120274209530}
  m_RootOrder: 0
  m_LocalEulerAnglesHint: {x: 0, y: 0, z: 0}
--- !u!1 &379623163695131043
GameObject:
  m_ObjectHideFlags: 0
  m_CorrespondingSourceObject: {fileID: 0}
  m_PrefabInstance: {fileID: 0}
  m_PrefabAsset: {fileID: 0}
  serializedVersion: 6
  m_Component:
  - component: {fileID: 8875103095417590046}
  m_Layer: 0
  m_Name: mixamorig:LeftHandPinky3
  m_TagString: Untagged
  m_Icon: {fileID: 0}
  m_NavMeshLayer: 0
  m_StaticEditorFlags: 0
  m_IsActive: 1
--- !u!4 &8875103095417590046
Transform:
  m_ObjectHideFlags: 0
  m_CorrespondingSourceObject: {fileID: 0}
  m_PrefabInstance: {fileID: 0}
  m_PrefabAsset: {fileID: 0}
  m_GameObject: {fileID: 379623163695131043}
  m_LocalRotation: {x: 0.5296478, y: 0.0067351307, z: -0.015523435, w: 0.84804887}
  m_LocalPosition: {x: -0.000024461711, y: 0.024850667, z: 1.8967512e-11}
  m_LocalScale: {x: 1, y: 1, z: 1}
  m_Children:
  - {fileID: 7911287174574155288}
  m_Father: {fileID: 3998777772490605541}
  m_RootOrder: 0
  m_LocalEulerAnglesHint: {x: 41.069767, y: 1.2496772, z: -1.1634189}
--- !u!1 &510240664727524312
GameObject:
  m_ObjectHideFlags: 0
  m_CorrespondingSourceObject: {fileID: 0}
  m_PrefabInstance: {fileID: 0}
  m_PrefabAsset: {fileID: 0}
  serializedVersion: 6
  m_Component:
  - component: {fileID: 6504207374227221225}
  m_Layer: 0
  m_Name: mixamorig:LeftHandRing3
  m_TagString: Untagged
  m_Icon: {fileID: 0}
  m_NavMeshLayer: 0
  m_StaticEditorFlags: 0
  m_IsActive: 1
--- !u!4 &6504207374227221225
Transform:
  m_ObjectHideFlags: 0
  m_CorrespondingSourceObject: {fileID: 0}
  m_PrefabInstance: {fileID: 0}
  m_PrefabAsset: {fileID: 0}
  m_GameObject: {fileID: 510240664727524312}
  m_LocalRotation: {x: 0.6363581, y: -0.0030923982, z: -0.033586852, w: 0.77065605}
  m_LocalPosition: {x: 0.00072915293, y: 0.025214428, z: 0.00008625169}
  m_LocalScale: {x: 1, y: 1, z: 1}
  m_Children:
  - {fileID: 1846593458023752272}
  m_Father: {fileID: 9121389127575741025}
  m_RootOrder: 0
  m_LocalEulerAnglesHint: {x: 37.460567, y: -0.9779623, z: -3.743699}
--- !u!1 &590936826698004710
GameObject:
  m_ObjectHideFlags: 0
  m_CorrespondingSourceObject: {fileID: 0}
  m_PrefabInstance: {fileID: 0}
  m_PrefabAsset: {fileID: 0}
  serializedVersion: 6
  m_Component:
  - component: {fileID: 5456883381956878947}
  m_Layer: 0
  m_Name: mixamorig:LeftFoot
  m_TagString: Untagged
  m_Icon: {fileID: 0}
  m_NavMeshLayer: 0
  m_StaticEditorFlags: 0
  m_IsActive: 1
--- !u!4 &5456883381956878947
Transform:
  m_ObjectHideFlags: 0
  m_CorrespondingSourceObject: {fileID: 0}
  m_PrefabInstance: {fileID: 0}
  m_PrefabAsset: {fileID: 0}
  m_GameObject: {fileID: 590936826698004710}
  m_LocalRotation: {x: 0.38685262, y: 0.04165261, z: -0.104294, w: 0.91527754}
  m_LocalPosition: {x: 0.0000000017089045, y: 0.36836192, z: -0.0000000016533833}
  m_LocalScale: {x: 1, y: 1, z: 1}
  m_Children:
  - {fileID: 3652052076382833916}
  m_Father: {fileID: 584497899373288079}
  m_RootOrder: 0
  m_LocalEulerAnglesHint: {x: 47.16558, y: 22.983027, z: 3.0715086}
--- !u!1 &893250560970768182
GameObject:
  m_ObjectHideFlags: 0
  m_CorrespondingSourceObject: {fileID: 0}
  m_PrefabInstance: {fileID: 0}
  m_PrefabAsset: {fileID: 0}
  serializedVersion: 6
  m_Component:
  - component: {fileID: 4234514709063371066}
  m_Layer: 0
  m_Name: mixamorig:Head
  m_TagString: Untagged
  m_Icon: {fileID: 0}
  m_NavMeshLayer: 0
  m_StaticEditorFlags: 0
  m_IsActive: 1
--- !u!4 &4234514709063371066
Transform:
  m_ObjectHideFlags: 0
  m_CorrespondingSourceObject: {fileID: 0}
  m_PrefabInstance: {fileID: 0}
  m_PrefabAsset: {fileID: 0}
  m_GameObject: {fileID: 893250560970768182}
  m_LocalRotation: {x: -0.018997908, y: 0.03302791, z: 0.012850942, w: 0.9991912}
  m_LocalPosition: {x: -0, y: 0.005541382, z: 0.002889049}
  m_LocalScale: {x: 1, y: 1, z: 1}
  m_Children:
  - {fileID: 1413368974056918484}
  m_Father: {fileID: 3552876716836986944}
  m_RootOrder: 0
  m_LocalEulerAnglesHint: {x: -0.9698448, y: -17.673033, z: -0.16969278}
--- !u!1 &917758090948876263
GameObject:
  m_ObjectHideFlags: 0
  m_CorrespondingSourceObject: {fileID: 0}
  m_PrefabInstance: {fileID: 0}
  m_PrefabAsset: {fileID: 0}
  serializedVersion: 6
  m_Component:
  - component: {fileID: 3137995827114778699}
  - component: {fileID: 8724311862297838928}
  - component: {fileID: 2710675741895717419}
  - component: {fileID: 7104384452756326016}
  - component: {fileID: 1882101273403723890}
  m_Layer: 0
  m_Name: khopesh
  m_TagString: EnemyWeapon
  m_Icon: {fileID: 0}
  m_NavMeshLayer: 0
  m_StaticEditorFlags: 0
  m_IsActive: 1
--- !u!4 &3137995827114778699
Transform:
  m_ObjectHideFlags: 0
  m_CorrespondingSourceObject: {fileID: 0}
  m_PrefabInstance: {fileID: 0}
  m_PrefabAsset: {fileID: 0}
  m_GameObject: {fileID: 917758090948876263}
  m_LocalRotation: {x: 0.4827759, y: 0.5195319, z: 0.52393895, w: 0.47170126}
  m_LocalPosition: {x: -0.3481128, y: 0.09974367, z: 0.03192677}
  m_LocalScale: {x: 1.2000002, y: 1.2000004, z: 1.2000003}
  m_Children: []
  m_Father: {fileID: 8257213514547987354}
  m_RootOrder: 5
  m_LocalEulerAnglesHint: {x: 0, y: 0, z: 0}
--- !u!33 &8724311862297838928
MeshFilter:
  m_ObjectHideFlags: 0
  m_CorrespondingSourceObject: {fileID: 0}
  m_PrefabInstance: {fileID: 0}
  m_PrefabAsset: {fileID: 0}
  m_GameObject: {fileID: 917758090948876263}
  m_Mesh: {fileID: 7543035028656415189, guid: 46d2a011ff14735459a193bfbdf44d30, type: 3}
--- !u!23 &2710675741895717419
MeshRenderer:
  m_ObjectHideFlags: 0
  m_CorrespondingSourceObject: {fileID: 0}
  m_PrefabInstance: {fileID: 0}
  m_PrefabAsset: {fileID: 0}
  m_GameObject: {fileID: 917758090948876263}
  m_Enabled: 1
  m_CastShadows: 1
  m_ReceiveShadows: 1
  m_DynamicOccludee: 1
  m_MotionVectors: 1
  m_LightProbeUsage: 1
  m_ReflectionProbeUsage: 1
  m_RayTracingMode: 2
  m_RenderingLayerMask: 1
  m_RendererPriority: 0
  m_Materials:
  - {fileID: -6231426668923528943, guid: 46d2a011ff14735459a193bfbdf44d30, type: 3}
  m_StaticBatchInfo:
    firstSubMesh: 0
    subMeshCount: 0
  m_StaticBatchRoot: {fileID: 0}
  m_ProbeAnchor: {fileID: 0}
  m_LightProbeVolumeOverride: {fileID: 0}
  m_ScaleInLightmap: 1
  m_ReceiveGI: 1
  m_PreserveUVs: 0
  m_IgnoreNormalsForChartDetection: 0
  m_ImportantGI: 0
  m_StitchLightmapSeams: 1
  m_SelectedEditorRenderState: 3
  m_MinimumChartSize: 4
  m_AutoUVMaxDistance: 0.5
  m_AutoUVMaxAngle: 89
  m_LightmapParameters: {fileID: 0}
  m_SortingLayerID: 0
  m_SortingLayer: 0
  m_SortingOrder: 0
--- !u!65 &7104384452756326016
BoxCollider:
  m_ObjectHideFlags: 0
  m_CorrespondingSourceObject: {fileID: 0}
  m_PrefabInstance: {fileID: 0}
  m_PrefabAsset: {fileID: 0}
  m_GameObject: {fileID: 917758090948876263}
  m_Material: {fileID: 0}
  m_IsTrigger: 0
  m_Enabled: 1
  serializedVersion: 2
  m_Size: {x: 0.114253104, y: 0.018436521, z: 0.68504304}
  m_Center: {x: -0.0000000074505766, y: -0.00000005960464, z: -0.000000014901165}
--- !u!54 &1882101273403723890
Rigidbody:
  m_ObjectHideFlags: 0
  m_CorrespondingSourceObject: {fileID: 0}
  m_PrefabInstance: {fileID: 0}
  m_PrefabAsset: {fileID: 0}
  m_GameObject: {fileID: 917758090948876263}
  serializedVersion: 2
  m_Mass: 1
  m_Drag: 0
  m_AngularDrag: 0.05
  m_UseGravity: 0
  m_IsKinematic: 0
  m_Interpolate: 0
  m_Constraints: 126
  m_CollisionDetection: 0
--- !u!1 &941949827656522226
GameObject:
  m_ObjectHideFlags: 0
  m_CorrespondingSourceObject: {fileID: 0}
  m_PrefabInstance: {fileID: 0}
  m_PrefabAsset: {fileID: 0}
  serializedVersion: 6
  m_Component:
  - component: {fileID: 5473583022005853576}
  m_Layer: 0
  m_Name: mixamorig:LeftHandThumb2
  m_TagString: Untagged
  m_Icon: {fileID: 0}
  m_NavMeshLayer: 0
  m_StaticEditorFlags: 0
  m_IsActive: 1
--- !u!4 &5473583022005853576
Transform:
  m_ObjectHideFlags: 0
  m_CorrespondingSourceObject: {fileID: 0}
  m_PrefabInstance: {fileID: 0}
  m_PrefabAsset: {fileID: 0}
  m_GameObject: {fileID: 941949827656522226}
  m_LocalRotation: {x: 0.2683593, y: -0.0027199055, z: 0.34941, w: 0.897713}
  m_LocalPosition: {x: -0.0014091325, y: 0.032487955, z: 1.08273626e-10}
  m_LocalScale: {x: 1, y: 1, z: 1}
  m_Children:
  - {fileID: 7310249179133075940}
  m_Father: {fileID: 3255011126120214532}
  m_RootOrder: 0
  m_LocalEulerAnglesHint: {x: -5.394843, y: 5.0721154, z: 4.8806243}
--- !u!1 &1212914404693738413
GameObject:
  m_ObjectHideFlags: 0
  m_CorrespondingSourceObject: {fileID: 0}
  m_PrefabInstance: {fileID: 0}
  m_PrefabAsset: {fileID: 0}
  serializedVersion: 6
  m_Component:
  - component: {fileID: 5238092989866936826}
  m_Layer: 0
  m_Name: mixamorig:RightForeArm
  m_TagString: Untagged
  m_Icon: {fileID: 0}
  m_NavMeshLayer: 0
  m_StaticEditorFlags: 0
  m_IsActive: 1
--- !u!4 &5238092989866936826
Transform:
  m_ObjectHideFlags: 0
  m_CorrespondingSourceObject: {fileID: 0}
  m_PrefabInstance: {fileID: 0}
  m_PrefabAsset: {fileID: 0}
  m_GameObject: {fileID: 1212914404693738413}
  m_LocalRotation: {x: 0.04294246, y: -0.23395663, z: 0.63059, w: 0.73876685}
  m_LocalPosition: {x: 3.1975253e-10, y: 0.23527084, z: -0.0000000020691149}
  m_LocalScale: {x: 1, y: 1, z: 1}
  m_Children:
  - {fileID: 8257213514547987354}
  m_Father: {fileID: 4064382066247738199}
  m_RootOrder: 0
  m_LocalEulerAnglesHint: {x: 13.466139, y: -25.221111, z: 56.334846}
--- !u!1 &1260259587733522897
GameObject:
  m_ObjectHideFlags: 0
  m_CorrespondingSourceObject: {fileID: 0}
  m_PrefabInstance: {fileID: 0}
  m_PrefabAsset: {fileID: 0}
  serializedVersion: 6
  m_Component:
  - component: {fileID: 4287294641377554282}
  m_Layer: 0
  m_Name: mixamorig:LeftArm
  m_TagString: Untagged
  m_Icon: {fileID: 0}
  m_NavMeshLayer: 0
  m_StaticEditorFlags: 0
  m_IsActive: 1
--- !u!4 &4287294641377554282
Transform:
  m_ObjectHideFlags: 0
  m_CorrespondingSourceObject: {fileID: 0}
  m_PrefabInstance: {fileID: 0}
  m_PrefabAsset: {fileID: 0}
  m_GameObject: {fileID: 1260259587733522897}
  m_LocalRotation: {x: 0.39748153, y: -0.11075327, z: 0.15399022, w: 0.8977913}
  m_LocalPosition: {x: 4.7593252e-11, y: 0.14705868, z: -0.0000000010083888}
  m_LocalScale: {x: 1, y: 1, z: 1}
  m_Children:
  - {fileID: 1005832488024130219}
  m_Father: {fileID: 5383040072182561958}
  m_RootOrder: 0
  m_LocalEulerAnglesHint: {x: 45.24314, y: 19.377516, z: 33.564995}
--- !u!1 &1401144292155593085
GameObject:
  m_ObjectHideFlags: 0
  m_CorrespondingSourceObject: {fileID: 0}
  m_PrefabInstance: {fileID: 0}
  m_PrefabAsset: {fileID: 0}
  serializedVersion: 6
  m_Component:
  - component: {fileID: 92231234722172954}
  m_Layer: 0
  m_Name: mixamorig:LeftHandIndex2
  m_TagString: Untagged
  m_Icon: {fileID: 0}
  m_NavMeshLayer: 0
  m_StaticEditorFlags: 0
  m_IsActive: 1
--- !u!4 &92231234722172954
Transform:
  m_ObjectHideFlags: 0
  m_CorrespondingSourceObject: {fileID: 0}
  m_PrefabInstance: {fileID: 0}
  m_PrefabAsset: {fileID: 0}
  m_GameObject: {fileID: 1401144292155593085}
  m_LocalRotation: {x: 0.8203482, y: 0.018502267, z: -0.017410869, w: 0.57129973}
  m_LocalPosition: {x: 0.000034595127, y: 0.030365504, z: 9.613387e-11}
  m_LocalScale: {x: 1, y: 1, z: 1}
  m_Children:
  - {fileID: 953975304185291369}
  m_Father: {fileID: 8743144941121157054}
  m_RootOrder: 0
  m_LocalEulerAnglesHint: {x: 44.679203, y: -1.037157, z: -0.13576604}
--- !u!1 &1572358562905292782
GameObject:
  m_ObjectHideFlags: 0
  m_CorrespondingSourceObject: {fileID: 0}
  m_PrefabInstance: {fileID: 0}
  m_PrefabAsset: {fileID: 0}
  serializedVersion: 6
  m_Component:
  - component: {fileID: 6468582459575168953}
  m_Layer: 0
  m_Name: mixamorig:RightHandMiddle1
  m_TagString: Untagged
  m_Icon: {fileID: 0}
  m_NavMeshLayer: 0
  m_StaticEditorFlags: 0
  m_IsActive: 1
--- !u!4 &6468582459575168953
Transform:
  m_ObjectHideFlags: 0
  m_CorrespondingSourceObject: {fileID: 0}
  m_PrefabInstance: {fileID: 0}
  m_PrefabAsset: {fileID: 0}
  m_GameObject: {fileID: 1572358562905292782}
  m_LocalRotation: {x: 0.5942345, y: -0.0064913617, z: 0.0010311351, w: 0.804265}
  m_LocalPosition: {x: -0.009266647, y: 0.10387598, z: 0.0016402733}
  m_LocalScale: {x: 1, y: 1, z: 1}
  m_Children:
  - {fileID: 3684509212103746398}
  m_Father: {fileID: 8257213514547987354}
  m_RootOrder: 1
  m_LocalEulerAnglesHint: {x: 45.45861, y: 7.2582784, z: 9.889231}
--- !u!1 &1588062379410526293
GameObject:
  m_ObjectHideFlags: 0
  m_CorrespondingSourceObject: {fileID: 0}
  m_PrefabInstance: {fileID: 0}
  m_PrefabAsset: {fileID: 0}
  serializedVersion: 6
  m_Component:
  - component: {fileID: 8902914074128358486}
  m_Layer: 0
  m_Name: mixamorig:Spine1
  m_TagString: Untagged
  m_Icon: {fileID: 0}
  m_NavMeshLayer: 0
  m_StaticEditorFlags: 0
  m_IsActive: 1
--- !u!4 &8902914074128358486
Transform:
  m_ObjectHideFlags: 0
  m_CorrespondingSourceObject: {fileID: 0}
  m_PrefabInstance: {fileID: 0}
  m_PrefabAsset: {fileID: 0}
  m_GameObject: {fileID: 1588062379410526293}
  m_LocalRotation: {x: 0.078746974, y: -0.032986104, z: 0.0017034053, w: 0.9963473}
  m_LocalPosition: {x: -0, y: 0.1362754, z: 2.36641e-10}
  m_LocalScale: {x: 1, y: 1, z: 1}
  m_Children:
  - {fileID: 7941751988179938365}
  m_Father: {fileID: 2634673255757285566}
  m_RootOrder: 0
  m_LocalEulerAnglesHint: {x: 15.07526, y: -13.428906, z: 6.238224}
--- !u!1 &1607321686545069676
GameObject:
  m_ObjectHideFlags: 0
  m_CorrespondingSourceObject: {fileID: 0}
  m_PrefabInstance: {fileID: 0}
  m_PrefabAsset: {fileID: 0}
  serializedVersion: 6
  m_Component:
  - component: {fileID: 1851582971506903994}
  m_Layer: 0
  m_Name: mixamorig:LeftHandMiddle1
  m_TagString: Untagged
  m_Icon: {fileID: 0}
  m_NavMeshLayer: 0
  m_StaticEditorFlags: 0
  m_IsActive: 1
--- !u!4 &1851582971506903994
Transform:
  m_ObjectHideFlags: 0
  m_CorrespondingSourceObject: {fileID: 0}
  m_PrefabInstance: {fileID: 0}
  m_PrefabAsset: {fileID: 0}
  m_GameObject: {fileID: 1607321686545069676}
  m_LocalRotation: {x: 0.58360684, y: 0.001232357, z: 0.01351523, w: 0.81192297}
  m_LocalPosition: {x: 0.008466469, y: 0.09922863, z: 0.0002511524}
  m_LocalScale: {x: 1, y: 1, z: 1}
  m_Children:
  - {fileID: 3887906022699804280}
  m_Father: {fileID: 3539349836769356177}
  m_RootOrder: 1
  m_LocalEulerAnglesHint: {x: 16.560495, y: -12.318595, z: -3.813323}
--- !u!1 &1684568359818683094
GameObject:
  m_ObjectHideFlags: 0
  m_CorrespondingSourceObject: {fileID: 0}
  m_PrefabInstance: {fileID: 0}
  m_PrefabAsset: {fileID: 0}
  serializedVersion: 6
  m_Component:
  - component: {fileID: 1785705793410991311}
  m_Layer: 0
  m_Name: mixamorig:RightHandThumb2
  m_TagString: Untagged
  m_Icon: {fileID: 0}
  m_NavMeshLayer: 0
  m_StaticEditorFlags: 0
  m_IsActive: 1
--- !u!4 &1785705793410991311
Transform:
  m_ObjectHideFlags: 0
  m_CorrespondingSourceObject: {fileID: 0}
  m_PrefabInstance: {fileID: 0}
  m_PrefabAsset: {fileID: 0}
  m_GameObject: {fileID: 1684568359818683094}
  m_LocalRotation: {x: 0.26537484, y: 0.020996274, z: -0.36352426, w: 0.8927405}
  m_LocalPosition: {x: -0.00023413742, y: 0.034435578, z: -1.8502305e-10}
  m_LocalScale: {x: 1, y: 1, z: 1}
  m_Children:
  - {fileID: 8136905441358007624}
  m_Father: {fileID: 2168551455005730988}
  m_RootOrder: 0
  m_LocalEulerAnglesHint: {x: 5.2500024, y: -11.134615, z: -9.766905}
--- !u!1 &2211293123710284993
GameObject:
  m_ObjectHideFlags: 0
  m_CorrespondingSourceObject: {fileID: 0}
  m_PrefabInstance: {fileID: 0}
  m_PrefabAsset: {fileID: 0}
  serializedVersion: 6
  m_Component:
  - component: {fileID: 7157097563608930862}
  m_Layer: 0
  m_Name: mixamorig:RightFoot
  m_TagString: Untagged
  m_Icon: {fileID: 0}
  m_NavMeshLayer: 0
  m_StaticEditorFlags: 0
  m_IsActive: 1
--- !u!4 &7157097563608930862
Transform:
  m_ObjectHideFlags: 0
  m_CorrespondingSourceObject: {fileID: 0}
  m_PrefabInstance: {fileID: 0}
  m_PrefabAsset: {fileID: 0}
  m_GameObject: {fileID: 2211293123710284993}
  m_LocalRotation: {x: 0.67501104, y: -0.109462306, z: 0.0771818, w: 0.7255489}
  m_LocalPosition: {x: -0.0000000013737664, y: 0.36845702, z: -0.0000000043860915}
  m_LocalScale: {x: 1, y: 1, z: 1}
  m_Children:
  - {fileID: 4853634120274209530}
  m_Father: {fileID: 2819522681185890952}
  m_RootOrder: 0
  m_LocalEulerAnglesHint: {x: 63.579247, y: -38.25404, z: -33.06537}
--- !u!1 &2335110381007335108
GameObject:
  m_ObjectHideFlags: 0
  m_CorrespondingSourceObject: {fileID: 0}
  m_PrefabInstance: {fileID: 0}
  m_PrefabAsset: {fileID: 0}
  serializedVersion: 6
  m_Component:
  - component: {fileID: 2168551455005730988}
  m_Layer: 0
  m_Name: mixamorig:RightHandThumb1
  m_TagString: Untagged
  m_Icon: {fileID: 0}
  m_NavMeshLayer: 0
  m_StaticEditorFlags: 0
  m_IsActive: 1
--- !u!4 &2168551455005730988
Transform:
  m_ObjectHideFlags: 0
  m_CorrespondingSourceObject: {fileID: 0}
  m_PrefabInstance: {fileID: 0}
  m_PrefabAsset: {fileID: 0}
  m_GameObject: {fileID: 2335110381007335108}
  m_LocalRotation: {x: 0.22069083, y: 0.22075064, z: 0.39923188, w: 0.8620781}
  m_LocalPosition: {x: -0.029974064, y: 0.030577116, z: 0.0044165635}
  m_LocalScale: {x: 1, y: 1, z: 1}
  m_Children:
  - {fileID: 1785705793410991311}
  m_Father: {fileID: 8257213514547987354}
  m_RootOrder: 4
  m_LocalEulerAnglesHint: {x: -16.289871, y: 67.31422, z: 46.416985}
--- !u!1 &2637336796662291408
GameObject:
  m_ObjectHideFlags: 0
  m_CorrespondingSourceObject: {fileID: 0}
  m_PrefabInstance: {fileID: 0}
  m_PrefabAsset: {fileID: 0}
  serializedVersion: 6
  m_Component:
  - component: {fileID: 3887906022699804280}
  m_Layer: 0
  m_Name: mixamorig:LeftHandMiddle2
  m_TagString: Untagged
  m_Icon: {fileID: 0}
  m_NavMeshLayer: 0
  m_StaticEditorFlags: 0
  m_IsActive: 1
--- !u!4 &3887906022699804280
Transform:
  m_ObjectHideFlags: 0
  m_CorrespondingSourceObject: {fileID: 0}
  m_PrefabInstance: {fileID: 0}
  m_PrefabAsset: {fileID: 0}
  m_GameObject: {fileID: 2637336796662291408}
  m_LocalRotation: {x: 0.69931006, y: -0.00022505657, z: -0.033674993, w: 0.7140248}
  m_LocalPosition: {x: 0.0012371235, y: 0.044533662, z: 0.0005816172}
  m_LocalScale: {x: 1, y: 1, z: 1}
  m_Children:
  - {fileID: 5119709447369153103}
  m_Father: {fileID: 1851582971506903994}
  m_RootOrder: 0
  m_LocalEulerAnglesHint: {x: 42.39405, y: -2.740934, z: -5.0254464}
--- !u!1 &2663040266538875355
GameObject:
  m_ObjectHideFlags: 0
  m_CorrespondingSourceObject: {fileID: 0}
  m_PrefabInstance: {fileID: 0}
  m_PrefabAsset: {fileID: 0}
  serializedVersion: 6
  m_Component:
  - component: {fileID: 5354413386260869297}
  - component: {fileID: 1224190998554989151}
  - component: {fileID: 1872484165072336027}
  - component: {fileID: 1996149169450917140}
  m_Layer: 0
  m_Name: Canvas
  m_TagString: Untagged
  m_Icon: {fileID: 0}
  m_NavMeshLayer: 0
  m_StaticEditorFlags: 0
  m_IsActive: 1
--- !u!224 &5354413386260869297
RectTransform:
  m_ObjectHideFlags: 0
  m_CorrespondingSourceObject: {fileID: 0}
  m_PrefabInstance: {fileID: 0}
  m_PrefabAsset: {fileID: 0}
  m_GameObject: {fileID: 2663040266538875355}
  m_LocalRotation: {x: 0, y: 0, z: 0, w: 1}
  m_LocalPosition: {x: 0, y: 0, z: 0}
  m_LocalScale: {x: 1, y: 1, z: 1}
  m_Children:
  - {fileID: 6295976764596369254}
  m_Father: {fileID: 7829673181033438137}
  m_RootOrder: 2
  m_LocalEulerAnglesHint: {x: 0, y: 0, z: 0}
  m_AnchorMin: {x: 0.5, y: 0.5}
  m_AnchorMax: {x: 0.5, y: 0.5}
  m_AnchoredPosition: {x: 0, y: 0}
  m_SizeDelta: {x: 25, y: 25}
  m_Pivot: {x: 0.5, y: 0.5}
--- !u!223 &1224190998554989151
Canvas:
  m_ObjectHideFlags: 0
  m_CorrespondingSourceObject: {fileID: 0}
  m_PrefabInstance: {fileID: 0}
  m_PrefabAsset: {fileID: 0}
  m_GameObject: {fileID: 2663040266538875355}
  m_Enabled: 1
  serializedVersion: 3
  m_RenderMode: 2
  m_Camera: {fileID: 0}
  m_PlaneDistance: 100
  m_PixelPerfect: 0
  m_ReceivesEvents: 1
  m_OverrideSorting: 0
  m_OverridePixelPerfect: 0
  m_SortingBucketNormalizedSize: 0
  m_AdditionalShaderChannelsFlag: 0
  m_SortingLayerID: 0
  m_SortingOrder: 0
  m_TargetDisplay: 0
--- !u!114 &1872484165072336027
MonoBehaviour:
  m_ObjectHideFlags: 0
  m_CorrespondingSourceObject: {fileID: 0}
  m_PrefabInstance: {fileID: 0}
  m_PrefabAsset: {fileID: 0}
  m_GameObject: {fileID: 2663040266538875355}
  m_Enabled: 1
  m_EditorHideFlags: 0
  m_Script: {fileID: 11500000, guid: 0cd44c1031e13a943bb63640046fad76, type: 3}
  m_Name: 
  m_EditorClassIdentifier: 
  m_UiScaleMode: 0
  m_ReferencePixelsPerUnit: 100
  m_ScaleFactor: 1
  m_ReferenceResolution: {x: 800, y: 600}
  m_ScreenMatchMode: 0
  m_MatchWidthOrHeight: 0
  m_PhysicalUnit: 3
  m_FallbackScreenDPI: 96
  m_DefaultSpriteDPI: 96
  m_DynamicPixelsPerUnit: 1
--- !u!114 &1996149169450917140
MonoBehaviour:
  m_ObjectHideFlags: 0
  m_CorrespondingSourceObject: {fileID: 0}
  m_PrefabInstance: {fileID: 0}
  m_PrefabAsset: {fileID: 0}
  m_GameObject: {fileID: 2663040266538875355}
  m_Enabled: 1
  m_EditorHideFlags: 0
  m_Script: {fileID: 11500000, guid: dc42784cf147c0c48a680349fa168899, type: 3}
  m_Name: 
  m_EditorClassIdentifier: 
  m_IgnoreReversedGraphics: 1
  m_BlockingObjects: 0
  m_BlockingMask:
    serializedVersion: 2
    m_Bits: 4294967295
--- !u!1 &2735668178586501775
GameObject:
  m_ObjectHideFlags: 0
  m_CorrespondingSourceObject: {fileID: 0}
  m_PrefabInstance: {fileID: 0}
  m_PrefabAsset: {fileID: 0}
  serializedVersion: 6
  m_Component:
  - component: {fileID: 7941751988179938365}
  m_Layer: 0
  m_Name: mixamorig:Spine2
  m_TagString: Untagged
  m_Icon: {fileID: 0}
  m_NavMeshLayer: 0
  m_StaticEditorFlags: 0
  m_IsActive: 1
--- !u!4 &7941751988179938365
Transform:
  m_ObjectHideFlags: 0
  m_CorrespondingSourceObject: {fileID: 0}
  m_PrefabInstance: {fileID: 0}
  m_PrefabAsset: {fileID: 0}
  m_GameObject: {fileID: 2735668178586501775}
  m_LocalRotation: {x: -0.024502713, y: -0.03298529, z: -0.0017229451, w: 0.999154}
  m_LocalPosition: {x: -0, y: 0.15574333, z: 1.3295419e-10}
  m_LocalScale: {x: 1, y: 1, z: 1}
  m_Children:
  - {fileID: 5383040072182561958}
  - {fileID: 3552876716836986944}
  - {fileID: 657107619248915919}
  m_Father: {fileID: 8902914074128358486}
  m_RootOrder: 0
  m_LocalEulerAnglesHint: {x: 4.173491, y: -15.146911, z: 4.341385}
--- !u!1 &2953531477166100762
GameObject:
  m_ObjectHideFlags: 0
  m_CorrespondingSourceObject: {fileID: 0}
  m_PrefabInstance: {fileID: 0}
  m_PrefabAsset: {fileID: 0}
  serializedVersion: 6
  m_Component:
  - component: {fileID: 2819522681185890952}
  m_Layer: 0
  m_Name: mixamorig:RightLeg
  m_TagString: Untagged
  m_Icon: {fileID: 0}
  m_NavMeshLayer: 0
  m_StaticEditorFlags: 0
  m_IsActive: 1
--- !u!4 &2819522681185890952
Transform:
  m_ObjectHideFlags: 0
  m_CorrespondingSourceObject: {fileID: 0}
  m_PrefabInstance: {fileID: 0}
  m_PrefabAsset: {fileID: 0}
  m_GameObject: {fileID: 2953531477166100762}
  m_LocalRotation: {x: -0.23530349, y: 0.04382172, z: 0.011468236, w: 0.9708658}
  m_LocalPosition: {x: -8.097846e-10, y: 0.42689174, z: -8.336227e-10}
  m_LocalScale: {x: 1, y: 1, z: 1}
  m_Children:
  - {fileID: 7157097563608930862}
  m_Father: {fileID: 1908775639449291794}
  m_RootOrder: 0
  m_LocalEulerAnglesHint: {x: -44.262627, y: -4.3030057, z: 13.519498}
--- !u!1 &3072992702545977837
GameObject:
  m_ObjectHideFlags: 0
  m_CorrespondingSourceObject: {fileID: 0}
  m_PrefabInstance: {fileID: 0}
  m_PrefabAsset: {fileID: 0}
  serializedVersion: 6
  m_Component:
  - component: {fileID: 378238285497271148}
  m_Layer: 0
  m_Name: mixamorig:LeftHandMiddle4
  m_TagString: Untagged
  m_Icon: {fileID: 0}
  m_NavMeshLayer: 0
  m_StaticEditorFlags: 0
  m_IsActive: 1
--- !u!4 &378238285497271148
Transform:
  m_ObjectHideFlags: 0
  m_CorrespondingSourceObject: {fileID: 0}
  m_PrefabInstance: {fileID: 0}
  m_PrefabAsset: {fileID: 0}
  m_GameObject: {fileID: 3072992702545977837}
  m_LocalRotation: {x: 0.0000000121245725, y: 0.0000000026418026, z: -0.0000000071403363,
    w: 1}
  m_LocalPosition: {x: 0.0000070535343, y: 0.026328677, z: -1.8530386e-11}
  m_LocalScale: {x: 1, y: 1, z: 1}
  m_Children: []
  m_Father: {fileID: 5119709447369153103}
  m_RootOrder: 0
  m_LocalEulerAnglesHint: {x: 0, y: 0, z: 0}
--- !u!1 &3184705668258809966
GameObject:
  m_ObjectHideFlags: 0
  m_CorrespondingSourceObject: {fileID: 0}
  m_PrefabInstance: {fileID: 0}
  m_PrefabAsset: {fileID: 0}
  serializedVersion: 6
  m_Component:
  - component: {fileID: 6938885990295854203}
  m_Layer: 0
  m_Name: mixamorig:RightHandMiddle4
  m_TagString: Untagged
  m_Icon: {fileID: 0}
  m_NavMeshLayer: 0
  m_StaticEditorFlags: 0
  m_IsActive: 1
--- !u!4 &6938885990295854203
Transform:
  m_ObjectHideFlags: 0
  m_CorrespondingSourceObject: {fileID: 0}
  m_PrefabInstance: {fileID: 0}
  m_PrefabAsset: {fileID: 0}
  m_GameObject: {fileID: 3184705668258809966}
  m_LocalRotation: {x: -0.000000004460327, y: 0.0000000097195505, z: 0.0000000041152806,
    w: 1}
  m_LocalPosition: {x: 0.000025036354, y: 0.028175911, z: -8.4258704e-11}
  m_LocalScale: {x: 1, y: 1, z: 1}
  m_Children: []
  m_Father: {fileID: 5136290167199089992}
  m_RootOrder: 0
  m_LocalEulerAnglesHint: {x: 0, y: 0, z: 0}
--- !u!1 &3423704284061607694
GameObject:
  m_ObjectHideFlags: 0
  m_CorrespondingSourceObject: {fileID: 0}
  m_PrefabInstance: {fileID: 0}
  m_PrefabAsset: {fileID: 0}
  serializedVersion: 6
  m_Component:
  - component: {fileID: 4880680916883164233}
  m_Layer: 0
  m_Name: mixamorig:LeftHandThumb4
  m_TagString: Untagged
  m_Icon: {fileID: 0}
  m_NavMeshLayer: 0
  m_StaticEditorFlags: 0
  m_IsActive: 1
--- !u!4 &4880680916883164233
Transform:
  m_ObjectHideFlags: 0
  m_CorrespondingSourceObject: {fileID: 0}
  m_PrefabInstance: {fileID: 0}
  m_PrefabAsset: {fileID: 0}
  m_GameObject: {fileID: 3423704284061607694}
  m_LocalRotation: {x: 0.0000000017048633, y: -0.000000005287683, z: -0.000000023520814,
    w: 1}
  m_LocalPosition: {x: 0.004479675, y: 0.030665895, z: -3.6458853e-10}
  m_LocalScale: {x: 1, y: 1, z: 1}
  m_Children: []
  m_Father: {fileID: 7310249179133075940}
  m_RootOrder: 0
  m_LocalEulerAnglesHint: {x: 0, y: 0, z: 0}
--- !u!1 &3550297359480421918
GameObject:
  m_ObjectHideFlags: 0
  m_CorrespondingSourceObject: {fileID: 0}
  m_PrefabInstance: {fileID: 0}
  m_PrefabAsset: {fileID: 0}
  serializedVersion: 6
  m_Component:
  - component: {fileID: 3080986709340944855}
  m_Layer: 0
  m_Name: mixamorig:LeftHandPinky1
  m_TagString: Untagged
  m_Icon: {fileID: 0}
  m_NavMeshLayer: 0
  m_StaticEditorFlags: 0
  m_IsActive: 1
--- !u!4 &3080986709340944855
Transform:
  m_ObjectHideFlags: 0
  m_CorrespondingSourceObject: {fileID: 0}
  m_PrefabInstance: {fileID: 0}
  m_PrefabAsset: {fileID: 0}
  m_GameObject: {fileID: 3550297359480421918}
  m_LocalRotation: {x: 0.6307333, y: 0.08470083, z: 0.15579048, w: 0.75546724}
  m_LocalPosition: {x: -0.03266819, y: 0.09054604, z: 0.0029533808}
  m_LocalScale: {x: 1, y: 1, z: 1}
  m_Children:
  - {fileID: 3998777772490605541}
  m_Father: {fileID: 3539349836769356177}
  m_RootOrder: 2
  m_LocalEulerAnglesHint: {x: 22.412834, y: -6.767187, z: 0.30127886}
--- !u!1 &3692814458659448141
GameObject:
  m_ObjectHideFlags: 0
  m_CorrespondingSourceObject: {fileID: 0}
  m_PrefabInstance: {fileID: 0}
  m_PrefabAsset: {fileID: 0}
  serializedVersion: 6
  m_Component:
  - component: {fileID: 1465475359562487439}
  - component: {fileID: 8549675298072213302}
  - component: {fileID: 659590459741373058}
  m_Layer: 0
  m_Name: Border
  m_TagString: Untagged
  m_Icon: {fileID: 0}
  m_NavMeshLayer: 0
  m_StaticEditorFlags: 0
  m_IsActive: 1
--- !u!224 &1465475359562487439
RectTransform:
  m_ObjectHideFlags: 0
  m_CorrespondingSourceObject: {fileID: 0}
  m_PrefabInstance: {fileID: 0}
  m_PrefabAsset: {fileID: 0}
  m_GameObject: {fileID: 3692814458659448141}
  m_LocalRotation: {x: 0, y: 0, z: 0, w: 1}
  m_LocalPosition: {x: 0, y: 0, z: 0}
  m_LocalScale: {x: 1, y: 1, z: 1}
  m_Children: []
  m_Father: {fileID: 6295976764596369254}
  m_RootOrder: 1
  m_LocalEulerAnglesHint: {x: 0, y: 0, z: 0}
  m_AnchorMin: {x: 0, y: 0}
  m_AnchorMax: {x: 1, y: 1}
  m_AnchoredPosition: {x: 0, y: 0}
  m_SizeDelta: {x: 0, y: 0}
  m_Pivot: {x: 0.5, y: 0.5}
--- !u!222 &8549675298072213302
CanvasRenderer:
  m_ObjectHideFlags: 0
  m_CorrespondingSourceObject: {fileID: 0}
  m_PrefabInstance: {fileID: 0}
  m_PrefabAsset: {fileID: 0}
  m_GameObject: {fileID: 3692814458659448141}
  m_CullTransparentMesh: 0
--- !u!114 &659590459741373058
MonoBehaviour:
  m_ObjectHideFlags: 0
  m_CorrespondingSourceObject: {fileID: 0}
  m_PrefabInstance: {fileID: 0}
  m_PrefabAsset: {fileID: 0}
  m_GameObject: {fileID: 3692814458659448141}
  m_Enabled: 1
  m_EditorHideFlags: 0
  m_Script: {fileID: 11500000, guid: fe87c0e1cc204ed48ad3b37840f39efc, type: 3}
  m_Name: 
  m_EditorClassIdentifier: 
  m_Material: {fileID: 0}
  m_Color: {r: 1, g: 1, b: 1, a: 1}
  m_RaycastTarget: 1
  m_Maskable: 1
  m_OnCullStateChanged:
    m_PersistentCalls:
      m_Calls: []
  m_Sprite: {fileID: 21300000, guid: b4372d7e439e0e04ba7af0960af4aaf5, type: 3}
  m_Type: 0
  m_PreserveAspect: 0
  m_FillCenter: 1
  m_FillMethod: 4
  m_FillAmount: 1
  m_FillClockwise: 1
  m_FillOrigin: 0
  m_UseSpriteMesh: 0
  m_PixelsPerUnitMultiplier: 1
--- !u!1 &4055084725557975717
GameObject:
  m_ObjectHideFlags: 0
  m_CorrespondingSourceObject: {fileID: 0}
  m_PrefabInstance: {fileID: 0}
  m_PrefabAsset: {fileID: 0}
  serializedVersion: 6
  m_Component:
  - component: {fileID: 3998777772490605541}
  m_Layer: 0
  m_Name: mixamorig:LeftHandPinky2
  m_TagString: Untagged
  m_Icon: {fileID: 0}
  m_NavMeshLayer: 0
  m_StaticEditorFlags: 0
  m_IsActive: 1
--- !u!4 &3998777772490605541
Transform:
  m_ObjectHideFlags: 0
  m_CorrespondingSourceObject: {fileID: 0}
  m_PrefabInstance: {fileID: 0}
  m_PrefabAsset: {fileID: 0}
  m_GameObject: {fileID: 4055084725557975717}
  m_LocalRotation: {x: 0.6751275, y: 0.0064384704, z: -0.023933047, w: 0.73728466}
  m_LocalPosition: {x: -0.000026452797, y: 0.02903632, z: -5.987033e-12}
  m_LocalScale: {x: 1, y: 1, z: 1}
  m_Children:
  - {fileID: 8875103095417590046}
  m_Father: {fileID: 3080986709340944855}
  m_RootOrder: 0
  m_LocalEulerAnglesHint: {x: 43.681686, y: 0.6842557, z: -1.9004235}
--- !u!1 &4447769617011416579
GameObject:
  m_ObjectHideFlags: 0
  m_CorrespondingSourceObject: {fileID: 0}
  m_PrefabInstance: {fileID: 0}
  m_PrefabAsset: {fileID: 0}
  serializedVersion: 6
  m_Component:
  - component: {fileID: 7911287174574155288}
  m_Layer: 0
  m_Name: mixamorig:LeftHandPinky4
  m_TagString: Untagged
  m_Icon: {fileID: 0}
  m_NavMeshLayer: 0
  m_StaticEditorFlags: 0
  m_IsActive: 1
--- !u!4 &7911287174574155288
Transform:
  m_ObjectHideFlags: 0
  m_CorrespondingSourceObject: {fileID: 0}
  m_PrefabInstance: {fileID: 0}
  m_PrefabAsset: {fileID: 0}
  m_GameObject: {fileID: 4447769617011416579}
  m_LocalRotation: {x: 0.000000007832749, y: 0.0000000029316152, z: -0.0000000010369889,
    w: 1}
  m_LocalPosition: {x: 0.000050914525, y: 0.01892296, z: 3.7403936e-10}
  m_LocalScale: {x: 1, y: 1, z: 1}
  m_Children: []
  m_Father: {fileID: 8875103095417590046}
  m_RootOrder: 0
  m_LocalEulerAnglesHint: {x: 0, y: 0, z: 0}
--- !u!1 &4470079894479751385
GameObject:
  m_ObjectHideFlags: 0
  m_CorrespondingSourceObject: {fileID: 0}
  m_PrefabInstance: {fileID: 0}
  m_PrefabAsset: {fileID: 0}
  serializedVersion: 6
  m_Component:
  - component: {fileID: 1908775639449291794}
  m_Layer: 0
  m_Name: mixamorig:RightUpLeg
  m_TagString: Untagged
  m_Icon: {fileID: 0}
  m_NavMeshLayer: 0
  m_StaticEditorFlags: 0
  m_IsActive: 1
--- !u!4 &1908775639449291794
Transform:
  m_ObjectHideFlags: 0
  m_CorrespondingSourceObject: {fileID: 0}
  m_PrefabInstance: {fileID: 0}
  m_PrefabAsset: {fileID: 0}
  m_GameObject: {fileID: 4470079894479751385}
  m_LocalRotation: {x: 0.0076338225, y: -0.07229205, z: 0.9964465, w: -0.0425441}
  m_LocalPosition: {x: 0.115501955, y: -0.06484505, z: 0.009628696}
  m_LocalScale: {x: 1, y: 1, z: 1}
  m_Children:
  - {fileID: 2819522681185890952}
  m_Father: {fileID: 2375864904401353517}
  m_RootOrder: 1
  m_LocalEulerAnglesHint: {x: -2.3516006, y: 43.68091, z: -167.97276}
--- !u!1 &4658737163147146879
GameObject:
  m_ObjectHideFlags: 0
  m_CorrespondingSourceObject: {fileID: 0}
  m_PrefabInstance: {fileID: 0}
  m_PrefabAsset: {fileID: 0}
  serializedVersion: 6
  m_Component:
  - component: {fileID: 5234950587239350865}
  m_Layer: 0
  m_Name: mixamorig:LeftUpLeg
  m_TagString: Untagged
  m_Icon: {fileID: 0}
  m_NavMeshLayer: 0
  m_StaticEditorFlags: 0
  m_IsActive: 1
--- !u!4 &5234950587239350865
Transform:
  m_ObjectHideFlags: 0
  m_CorrespondingSourceObject: {fileID: 0}
  m_PrefabInstance: {fileID: 0}
  m_PrefabAsset: {fileID: 0}
  m_GameObject: {fileID: 4658737163147146879}
  m_LocalRotation: {x: -0.07042198, y: 0.18047139, z: 0.9810443, w: -0.0047902786}
  m_LocalPosition: {x: -0.115501955, y: -0.06484505, z: 0.00044462204}
  m_LocalScale: {x: 1, y: 1, z: 1}
  m_Children:
  - {fileID: 584497899373288079}
  m_Father: {fileID: 2375864904401353517}
  m_RootOrder: 0
  m_LocalEulerAnglesHint: {x: -60.971848, y: 14.100617, z: -176.84775}
--- !u!1 &4670506061721817878
GameObject:
  m_ObjectHideFlags: 0
  m_CorrespondingSourceObject: {fileID: 0}
  m_PrefabInstance: {fileID: 0}
  m_PrefabAsset: {fileID: 0}
  serializedVersion: 6
  m_Component:
  - component: {fileID: 6398920833938703449}
  m_Layer: 0
  m_Name: mixamorig:RightHandIndex2
  m_TagString: Untagged
  m_Icon: {fileID: 0}
  m_NavMeshLayer: 0
  m_StaticEditorFlags: 0
  m_IsActive: 1
--- !u!4 &6398920833938703449
Transform:
  m_ObjectHideFlags: 0
  m_CorrespondingSourceObject: {fileID: 0}
  m_PrefabInstance: {fileID: 0}
  m_PrefabAsset: {fileID: 0}
  m_GameObject: {fileID: 4670506061721817878}
  m_LocalRotation: {x: 0.8188992, y: -0.0077509354, z: 0.01997431, w: 0.57353735}
  m_LocalPosition: {x: 0.00000015231767, y: 0.030304901, z: -6.234529e-11}
  m_LocalScale: {x: 1, y: 1, z: 1}
  m_Children:
  - {fileID: 3287434305243051792}
  m_Father: {fileID: 1875598153408461556}
  m_RootOrder: 0
  m_LocalEulerAnglesHint: {x: 68.69249, y: 9.6287155, z: 8.787641}
--- !u!1 &4700687017065967259
GameObject:
  m_ObjectHideFlags: 0
  m_CorrespondingSourceObject: {fileID: 0}
  m_PrefabInstance: {fileID: 0}
  m_PrefabAsset: {fileID: 0}
  serializedVersion: 6
  m_Component:
  - component: {fileID: 8871807783146480526}
  - component: {fileID: 578813644966521390}
  m_Layer: 0
  m_Name: Ch05
  m_TagString: Untagged
  m_Icon: {fileID: 0}
  m_NavMeshLayer: 0
  m_StaticEditorFlags: 0
  m_IsActive: 1
--- !u!4 &8871807783146480526
Transform:
  m_ObjectHideFlags: 0
  m_CorrespondingSourceObject: {fileID: 0}
  m_PrefabInstance: {fileID: 0}
  m_PrefabAsset: {fileID: 0}
  m_GameObject: {fileID: 4700687017065967259}
  m_LocalRotation: {x: 0, y: -0, z: -0, w: 1}
  m_LocalPosition: {x: -0, y: 0, z: 0}
  m_LocalScale: {x: 1, y: 1, z: 1}
  m_Children: []
  m_Father: {fileID: 7829673181033438137}
  m_RootOrder: 0
  m_LocalEulerAnglesHint: {x: 0, y: 0, z: 0}
--- !u!137 &578813644966521390
SkinnedMeshRenderer:
  m_ObjectHideFlags: 0
  m_CorrespondingSourceObject: {fileID: 0}
  m_PrefabInstance: {fileID: 0}
  m_PrefabAsset: {fileID: 0}
  m_GameObject: {fileID: 4700687017065967259}
  m_Enabled: 1
  m_CastShadows: 1
  m_ReceiveShadows: 1
  m_DynamicOccludee: 1
  m_MotionVectors: 1
  m_LightProbeUsage: 1
  m_ReflectionProbeUsage: 1
  m_RayTracingMode: 0
  m_RenderingLayerMask: 1
  m_RendererPriority: 0
  m_Materials:
  - {fileID: -1904894246382300491, guid: 46d2a011ff14735459a193bfbdf44d30, type: 3}
  - {fileID: 8633238393761390325, guid: 46d2a011ff14735459a193bfbdf44d30, type: 3}
  - {fileID: 1328117905431922690, guid: 46d2a011ff14735459a193bfbdf44d30, type: 3}
  m_StaticBatchInfo:
    firstSubMesh: 0
    subMeshCount: 0
  m_StaticBatchRoot: {fileID: 0}
  m_ProbeAnchor: {fileID: 0}
  m_LightProbeVolumeOverride: {fileID: 0}
  m_ScaleInLightmap: 1
  m_ReceiveGI: 1
  m_PreserveUVs: 0
  m_IgnoreNormalsForChartDetection: 0
  m_ImportantGI: 0
  m_StitchLightmapSeams: 1
  m_SelectedEditorRenderState: 3
  m_MinimumChartSize: 4
  m_AutoUVMaxDistance: 0.5
  m_AutoUVMaxAngle: 89
  m_LightmapParameters: {fileID: 0}
  m_SortingLayerID: 0
  m_SortingLayer: 0
  m_SortingOrder: 0
  serializedVersion: 2
  m_Quality: 0
  m_UpdateWhenOffscreen: 0
  m_SkinnedMotionVectors: 1
  m_Mesh: {fileID: 6913171397076806578, guid: 46d2a011ff14735459a193bfbdf44d30, type: 3}
  m_Bones:
  - {fileID: 2375864904401353517}
  - {fileID: 2634673255757285566}
  - {fileID: 8902914074128358486}
  - {fileID: 7941751988179938365}
  - {fileID: 3552876716836986944}
  - {fileID: 4234514709063371066}
  - {fileID: 1413368974056918484}
  - {fileID: 5383040072182561958}
  - {fileID: 4287294641377554282}
  - {fileID: 1005832488024130219}
  - {fileID: 3539349836769356177}
  - {fileID: 3255011126120214532}
  - {fileID: 5473583022005853576}
  - {fileID: 7310249179133075940}
  - {fileID: 4880680916883164233}
  - {fileID: 8743144941121157054}
  - {fileID: 92231234722172954}
  - {fileID: 953975304185291369}
  - {fileID: 7456604755199580364}
  - {fileID: 1851582971506903994}
  - {fileID: 3887906022699804280}
  - {fileID: 5119709447369153103}
  - {fileID: 378238285497271148}
  - {fileID: 3521105032041245709}
  - {fileID: 9121389127575741025}
  - {fileID: 6504207374227221225}
  - {fileID: 1846593458023752272}
  - {fileID: 3080986709340944855}
  - {fileID: 3998777772490605541}
  - {fileID: 8875103095417590046}
  - {fileID: 7911287174574155288}
  - {fileID: 657107619248915919}
  - {fileID: 4064382066247738199}
  - {fileID: 5238092989866936826}
  - {fileID: 8257213514547987354}
  - {fileID: 2168551455005730988}
  - {fileID: 1785705793410991311}
  - {fileID: 8136905441358007624}
  - {fileID: 7521897420130131738}
  - {fileID: 1875598153408461556}
  - {fileID: 6398920833938703449}
  - {fileID: 3287434305243051792}
  - {fileID: 373771549581221263}
  - {fileID: 6468582459575168953}
  - {fileID: 3684509212103746398}
  - {fileID: 5136290167199089992}
  - {fileID: 6938885990295854203}
  - {fileID: 1562284553629129566}
  - {fileID: 4386787780147829974}
  - {fileID: 7208904739458774791}
  - {fileID: 5432486633446808288}
  - {fileID: 8908155395379393594}
  - {fileID: 2427244936555594510}
  - {fileID: 5273787509699695162}
  - {fileID: 4548157142814602114}
  - {fileID: 5234950587239350865}
  - {fileID: 584497899373288079}
  - {fileID: 5456883381956878947}
  - {fileID: 3652052076382833916}
  - {fileID: 5997591302529878314}
  - {fileID: 1908775639449291794}
  - {fileID: 2819522681185890952}
  - {fileID: 7157097563608930862}
  - {fileID: 4853634120274209530}
  - {fileID: 326026285090900568}
  m_BlendShapeWeights: []
  m_RootBone: {fileID: 2375864904401353517}
  m_AABB:
    m_Center: {x: -0.000042438507, y: -0.10059345, z: 0.0664956}
    m_Extent: {x: 0.872801, y: 0.94940305, z: 0.59896356}
  m_DirtyAABB: 0
--- !u!1 &4713034446481017248
GameObject:
  m_ObjectHideFlags: 0
  m_CorrespondingSourceObject: {fileID: 0}
  m_PrefabInstance: {fileID: 0}
  m_PrefabAsset: {fileID: 0}
  serializedVersion: 6
  m_Component:
  - component: {fileID: 5119709447369153103}
  m_Layer: 0
  m_Name: mixamorig:LeftHandMiddle3
  m_TagString: Untagged
  m_Icon: {fileID: 0}
  m_NavMeshLayer: 0
  m_StaticEditorFlags: 0
  m_IsActive: 1
--- !u!4 &5119709447369153103
Transform:
  m_ObjectHideFlags: 0
  m_CorrespondingSourceObject: {fileID: 0}
  m_PrefabInstance: {fileID: 0}
  m_PrefabAsset: {fileID: 0}
  m_GameObject: {fileID: 4713034446481017248}
  m_LocalRotation: {x: 0.5465659, y: 0.006998392, z: -0.014234906, w: 0.8372659}
  m_LocalPosition: {x: -0.00018805574, y: 0.029509198, z: -0.000024589446}
  m_LocalScale: {x: 1, y: 1, z: 1}
  m_Children:
  - {fileID: 378238285497271148}
  m_Father: {fileID: 3887906022699804280}
  m_RootOrder: 0
  m_LocalEulerAnglesHint: {x: 39.747143, y: -1.0379751, z: -1.9412055}
--- !u!1 &4719673468660186706
GameObject:
  m_ObjectHideFlags: 0
  m_CorrespondingSourceObject: {fileID: 0}
  m_PrefabInstance: {fileID: 0}
  m_PrefabAsset: {fileID: 0}
  serializedVersion: 6
  m_Component:
  - component: {fileID: 584497899373288079}
  m_Layer: 0
  m_Name: mixamorig:LeftLeg
  m_TagString: Untagged
  m_Icon: {fileID: 0}
  m_NavMeshLayer: 0
  m_StaticEditorFlags: 0
  m_IsActive: 1
--- !u!4 &584497899373288079
Transform:
  m_ObjectHideFlags: 0
  m_CorrespondingSourceObject: {fileID: 0}
  m_PrefabInstance: {fileID: 0}
  m_PrefabAsset: {fileID: 0}
  m_GameObject: {fileID: 4719673468660186706}
  m_LocalRotation: {x: -0.5770143, y: 0.0022120932, z: -0.016826382, w: 0.81655777}
  m_LocalPosition: {x: 3.1522795e-10, y: 0.42589706, z: -0.0000000013135796}
  m_LocalScale: {x: 1, y: 1, z: 1}
  m_Children:
  - {fileID: 5456883381956878947}
  m_Father: {fileID: 5234950587239350865}
  m_RootOrder: 0
  m_LocalEulerAnglesHint: {x: -43.459175, y: -36.60479, z: 11.406659}
--- !u!1 &4780684274159187595
GameObject:
  m_ObjectHideFlags: 0
  m_CorrespondingSourceObject: {fileID: 0}
  m_PrefabInstance: {fileID: 0}
  m_PrefabAsset: {fileID: 0}
  serializedVersion: 6
  m_Component:
  - component: {fileID: 3684509212103746398}
  m_Layer: 0
  m_Name: mixamorig:RightHandMiddle2
  m_TagString: Untagged
  m_Icon: {fileID: 0}
  m_NavMeshLayer: 0
  m_StaticEditorFlags: 0
  m_IsActive: 1
--- !u!4 &3684509212103746398
Transform:
  m_ObjectHideFlags: 0
  m_CorrespondingSourceObject: {fileID: 0}
  m_PrefabInstance: {fileID: 0}
  m_PrefabAsset: {fileID: 0}
  m_GameObject: {fileID: 4780684274159187595}
  m_LocalRotation: {x: 0.69416726, y: -0.006868505, z: 0.025277168, w: 0.71933705}
  m_LocalPosition: {x: -0.000019103354, y: 0.033710774, z: -9.7546714e-11}
  m_LocalScale: {x: 1, y: 1, z: 1}
  m_Children:
  - {fileID: 5136290167199089992}
  m_Father: {fileID: 6468582459575168953}
  m_RootOrder: 0
  m_LocalEulerAnglesHint: {x: 68.19806, y: 6.8471193, z: 8.571164}
--- !u!1 &4835504332949752214
GameObject:
  m_ObjectHideFlags: 0
  m_CorrespondingSourceObject: {fileID: 0}
  m_PrefabInstance: {fileID: 0}
  m_PrefabAsset: {fileID: 0}
  serializedVersion: 6
  m_Component:
  - component: {fileID: 1413368974056918484}
  m_Layer: 0
  m_Name: mixamorig:HeadTop_End
  m_TagString: Untagged
  m_Icon: {fileID: 0}
  m_NavMeshLayer: 0
  m_StaticEditorFlags: 0
  m_IsActive: 1
--- !u!4 &1413368974056918484
Transform:
  m_ObjectHideFlags: 0
  m_CorrespondingSourceObject: {fileID: 0}
  m_PrefabInstance: {fileID: 0}
  m_PrefabAsset: {fileID: 0}
  m_GameObject: {fileID: 4835504332949752214}
  m_LocalRotation: {x: 6.938894e-18, y: 3.081488e-33, z: -5.007418e-33, w: 1}
  m_LocalPosition: {x: -0, y: 0.24441864, z: 0.12742974}
  m_LocalScale: {x: 1, y: 1, z: 1}
  m_Children: []
  m_Father: {fileID: 4234514709063371066}
  m_RootOrder: 0
  m_LocalEulerAnglesHint: {x: 0, y: 0, z: 0}
--- !u!1 &5014591626939636180
GameObject:
  m_ObjectHideFlags: 0
  m_CorrespondingSourceObject: {fileID: 0}
  m_PrefabInstance: {fileID: 0}
  m_PrefabAsset: {fileID: 0}
  serializedVersion: 6
  m_Component:
  - component: {fileID: 5432486633446808288}
  m_Layer: 0
  m_Name: mixamorig:RightHandRing4
  m_TagString: Untagged
  m_Icon: {fileID: 0}
  m_NavMeshLayer: 0
  m_StaticEditorFlags: 0
  m_IsActive: 1
--- !u!4 &5432486633446808288
Transform:
  m_ObjectHideFlags: 0
  m_CorrespondingSourceObject: {fileID: 0}
  m_PrefabInstance: {fileID: 0}
  m_PrefabAsset: {fileID: 0}
  m_GameObject: {fileID: 5014591626939636180}
  m_LocalRotation: {x: -0.0000000022085238, y: 0.0000000017422512, z: 0.0000000012551187,
    w: 1}
  m_LocalPosition: {x: -0.0000034401646, y: 0.026037902, z: 1.1743935e-10}
  m_LocalScale: {x: 1, y: 1, z: 1}
  m_Children: []
  m_Father: {fileID: 7208904739458774791}
  m_RootOrder: 0
  m_LocalEulerAnglesHint: {x: 0, y: 0, z: 0}
--- !u!1 &5242650016783923116
GameObject:
  m_ObjectHideFlags: 0
  m_CorrespondingSourceObject: {fileID: 0}
  m_PrefabInstance: {fileID: 0}
  m_PrefabAsset: {fileID: 0}
  serializedVersion: 6
  m_Component:
  - component: {fileID: 3521105032041245709}
  m_Layer: 0
  m_Name: mixamorig:LeftHandRing1
  m_TagString: Untagged
  m_Icon: {fileID: 0}
  m_NavMeshLayer: 0
  m_StaticEditorFlags: 0
  m_IsActive: 1
--- !u!4 &3521105032041245709
Transform:
  m_ObjectHideFlags: 0
  m_CorrespondingSourceObject: {fileID: 0}
  m_PrefabInstance: {fileID: 0}
  m_PrefabAsset: {fileID: 0}
  m_GameObject: {fileID: 5242650016783923116}
  m_LocalRotation: {x: 0.66844946, y: 0.017246118, z: 0.06699318, w: 0.74053353}
  m_LocalPosition: {x: -0.011122087, y: 0.09904873, z: 0.00038639922}
  m_LocalScale: {x: 1, y: 1, z: 1}
  m_Children:
  - {fileID: 9121389127575741025}
  m_Father: {fileID: 3539349836769356177}
  m_RootOrder: 3
  m_LocalEulerAnglesHint: {x: 22.59399, y: -7.076146, z: 3.199682}
--- !u!1 &5528949633607401055
GameObject:
  m_ObjectHideFlags: 0
  m_CorrespondingSourceObject: {fileID: 0}
  m_PrefabInstance: {fileID: 0}
  m_PrefabAsset: {fileID: 0}
  serializedVersion: 6
  m_Component:
  - component: {fileID: 5383040072182561958}
  m_Layer: 0
  m_Name: mixamorig:LeftShoulder
  m_TagString: Untagged
  m_Icon: {fileID: 0}
  m_NavMeshLayer: 0
  m_StaticEditorFlags: 0
  m_IsActive: 1
--- !u!4 &5383040072182561958
Transform:
  m_ObjectHideFlags: 0
  m_CorrespondingSourceObject: {fileID: 0}
  m_PrefabInstance: {fileID: 0}
  m_PrefabAsset: {fileID: 0}
  m_GameObject: {fileID: 5528949633607401055}
  m_LocalRotation: {x: 0.5722835, y: -0.43105417, z: 0.52774197, w: 0.4562591}
  m_LocalPosition: {x: -0.073858544, y: 0.16403852, z: -0.0012392089}
  m_LocalScale: {x: 1, y: 1, z: 1}
  m_Children:
  - {fileID: 4287294641377554282}
  m_Father: {fileID: 7941751988179938365}
  m_RootOrder: 0
  m_LocalEulerAnglesHint: {x: 79.08486, y: 84.57092, z: -178.84767}
--- !u!1 &5660336965139943763
GameObject:
  m_ObjectHideFlags: 0
  m_CorrespondingSourceObject: {fileID: 0}
  m_PrefabInstance: {fileID: 0}
  m_PrefabAsset: {fileID: 0}
  serializedVersion: 6
  m_Component:
  - component: {fileID: 8257213514547987354}
  m_Layer: 0
  m_Name: mixamorig:RightHand
  m_TagString: Untagged
  m_Icon: {fileID: 0}
  m_NavMeshLayer: 0
  m_StaticEditorFlags: 0
  m_IsActive: 1
--- !u!4 &8257213514547987354
Transform:
  m_ObjectHideFlags: 0
  m_CorrespondingSourceObject: {fileID: 0}
  m_PrefabInstance: {fileID: 0}
  m_PrefabAsset: {fileID: 0}
  m_GameObject: {fileID: 5660336965139943763}
  m_LocalRotation: {x: -0.044578817, y: -0.0023339498, z: 0.19504556, w: 0.9797778}
  m_LocalPosition: {x: -1.935757e-10, y: 0.2765564, z: -2.8056946e-10}
  m_LocalScale: {x: 1, y: 1, z: 1}
  m_Children:
  - {fileID: 1875598153408461556}
  - {fileID: 6468582459575168953}
  - {fileID: 8908155395379393594}
  - {fileID: 1562284553629129566}
  - {fileID: 2168551455005730988}
  - {fileID: 3137995827114778699}
  m_Father: {fileID: 5238092989866936826}
  m_RootOrder: 0
  m_LocalEulerAnglesHint: {x: -7.031085, y: -80.47234, z: -54.405945}
--- !u!1 &5708365676042594955
GameObject:
  m_ObjectHideFlags: 0
  m_CorrespondingSourceObject: {fileID: 0}
  m_PrefabInstance: {fileID: 0}
  m_PrefabAsset: {fileID: 0}
  serializedVersion: 6
  m_Component:
  - component: {fileID: 4386787780147829974}
  m_Layer: 0
  m_Name: mixamorig:RightHandRing2
  m_TagString: Untagged
  m_Icon: {fileID: 0}
  m_NavMeshLayer: 0
  m_StaticEditorFlags: 0
  m_IsActive: 1
--- !u!4 &4386787780147829974
Transform:
  m_ObjectHideFlags: 0
  m_CorrespondingSourceObject: {fileID: 0}
  m_PrefabInstance: {fileID: 0}
  m_PrefabAsset: {fileID: 0}
  m_GameObject: {fileID: 5708365676042594955}
  m_LocalRotation: {x: 0.601513, y: -0.0063212267, z: 0.018298363, w: 0.7986284}
  m_LocalPosition: {x: -0.000010983095, y: 0.031140825, z: -3.6591244e-11}
  m_LocalScale: {x: 1, y: 1, z: 1}
  m_Children:
  - {fileID: 7208904739458774791}
  m_Father: {fileID: 1562284553629129566}
  m_RootOrder: 0
  m_LocalEulerAnglesHint: {x: 48.00181, y: 0.9043565, z: 2.0447161}
--- !u!1 &5890010120512116248
GameObject:
  m_ObjectHideFlags: 0
  m_CorrespondingSourceObject: {fileID: 0}
  m_PrefabInstance: {fileID: 0}
  m_PrefabAsset: {fileID: 0}
  serializedVersion: 6
  m_Component:
  - component: {fileID: 1846593458023752272}
  m_Layer: 0
  m_Name: mixamorig:LeftHandRing4
  m_TagString: Untagged
  m_Icon: {fileID: 0}
  m_NavMeshLayer: 0
  m_StaticEditorFlags: 0
  m_IsActive: 1
--- !u!4 &1846593458023752272
Transform:
  m_ObjectHideFlags: 0
  m_CorrespondingSourceObject: {fileID: 0}
  m_PrefabInstance: {fileID: 0}
  m_PrefabAsset: {fileID: 0}
  m_GameObject: {fileID: 5890010120512116248}
  m_LocalRotation: {x: -0.000000002681341, y: -9.645243e-10, z: -6.963213e-10, w: 1}
  m_LocalPosition: {x: 0.00002083129, y: 0.022833552, z: 1.3672888e-10}
  m_LocalScale: {x: 1, y: 1, z: 1}
  m_Children: []
  m_Father: {fileID: 6504207374227221225}
  m_RootOrder: 0
  m_LocalEulerAnglesHint: {x: 0, y: 0, z: 0}
--- !u!1 &5904216432941022971
GameObject:
  m_ObjectHideFlags: 0
  m_CorrespondingSourceObject: {fileID: 0}
  m_PrefabInstance: {fileID: 0}
  m_PrefabAsset: {fileID: 0}
  serializedVersion: 6
  m_Component:
  - component: {fileID: 8136905441358007624}
  m_Layer: 0
  m_Name: mixamorig:RightHandThumb3
  m_TagString: Untagged
  m_Icon: {fileID: 0}
  m_NavMeshLayer: 0
  m_StaticEditorFlags: 0
  m_IsActive: 1
--- !u!4 &8136905441358007624
Transform:
  m_ObjectHideFlags: 0
  m_CorrespondingSourceObject: {fileID: 0}
  m_PrefabInstance: {fileID: 0}
  m_PrefabAsset: {fileID: 0}
  m_GameObject: {fileID: 5904216432941022971}
  m_LocalRotation: {x: 0.19716762, y: 0.08814923, z: -0.35127822, w: 0.91102046}
  m_LocalPosition: {x: 0.00033881425, y: 0.033334985, z: 3.1535477e-10}
  m_LocalScale: {x: 1, y: 1, z: 1}
  m_Children:
  - {fileID: 7521897420130131738}
  m_Father: {fileID: 1785705793410991311}
  m_RootOrder: 0
  m_LocalEulerAnglesHint: {x: 12.938434, y: -4.6792927, z: -34.67017}
--- !u!1 &5923876417004867939
GameObject:
  m_ObjectHideFlags: 0
  m_CorrespondingSourceObject: {fileID: 0}
  m_PrefabInstance: {fileID: 0}
  m_PrefabAsset: {fileID: 0}
  serializedVersion: 6
  m_Component:
  - component: {fileID: 7310249179133075940}
  m_Layer: 0
  m_Name: mixamorig:LeftHandThumb3
  m_TagString: Untagged
  m_Icon: {fileID: 0}
  m_NavMeshLayer: 0
  m_StaticEditorFlags: 0
  m_IsActive: 1
--- !u!4 &7310249179133075940
Transform:
  m_ObjectHideFlags: 0
  m_CorrespondingSourceObject: {fileID: 0}
  m_PrefabInstance: {fileID: 0}
  m_PrefabAsset: {fileID: 0}
  m_GameObject: {fileID: 5923876417004867939}
  m_LocalRotation: {x: 0.19672106, y: -0.096541986, z: 0.44731742, w: 0.86711454}
  m_LocalPosition: {x: -0.0030705421, y: 0.0347272, z: 1.754671e-11}
  m_LocalScale: {x: 1, y: 1, z: 1}
  m_Children:
  - {fileID: 4880680916883164233}
  m_Father: {fileID: 5473583022005853576}
  m_RootOrder: 0
  m_LocalEulerAnglesHint: {x: -4.67938, y: -19.53281, z: 9.9617195}
--- !u!1 &6053856169391825807
GameObject:
  m_ObjectHideFlags: 0
  m_CorrespondingSourceObject: {fileID: 0}
  m_PrefabInstance: {fileID: 0}
  m_PrefabAsset: {fileID: 0}
  serializedVersion: 6
  m_Component:
  - component: {fileID: 8743144941121157054}
  m_Layer: 0
  m_Name: mixamorig:LeftHandIndex1
  m_TagString: Untagged
  m_Icon: {fileID: 0}
  m_NavMeshLayer: 0
  m_StaticEditorFlags: 0
  m_IsActive: 1
--- !u!4 &8743144941121157054
Transform:
  m_ObjectHideFlags: 0
  m_CorrespondingSourceObject: {fileID: 0}
  m_PrefabInstance: {fileID: 0}
  m_PrefabAsset: {fileID: 0}
  m_GameObject: {fileID: 6053856169391825807}
  m_LocalRotation: {x: 0.54269856, y: -0.07757561, z: -0.1329763, w: 0.8256983}
  m_LocalPosition: {x: 0.030338075, y: 0.099991694, z: 0.0038717117}
  m_LocalScale: {x: 1, y: 1, z: 1}
  m_Children:
  - {fileID: 92231234722172954}
  m_Father: {fileID: 3539349836769356177}
  m_RootOrder: 0
  m_LocalEulerAnglesHint: {x: 16.238564, y: -9.822213, z: -4.2044463}
--- !u!1 &6143875327134365086
GameObject:
  m_ObjectHideFlags: 0
  m_CorrespondingSourceObject: {fileID: 0}
  m_PrefabInstance: {fileID: 0}
  m_PrefabAsset: {fileID: 0}
  serializedVersion: 6
  m_Component:
  - component: {fileID: 3539349836769356177}
  m_Layer: 0
  m_Name: mixamorig:LeftHand
  m_TagString: Untagged
  m_Icon: {fileID: 0}
  m_NavMeshLayer: 0
  m_StaticEditorFlags: 0
  m_IsActive: 1
--- !u!4 &3539349836769356177
Transform:
  m_ObjectHideFlags: 0
  m_CorrespondingSourceObject: {fileID: 0}
  m_PrefabInstance: {fileID: 0}
  m_PrefabAsset: {fileID: 0}
  m_GameObject: {fileID: 6143875327134365086}
  m_LocalRotation: {x: 0.10584406, y: -0.0338007, z: -0.097847566, w: 0.98897946}
  m_LocalPosition: {x: 2.4814842e-10, y: 0.27658522, z: -7.079933e-11}
  m_LocalScale: {x: 1, y: 1, z: 1}
  m_Children:
  - {fileID: 8743144941121157054}
  - {fileID: 1851582971506903994}
  - {fileID: 3080986709340944855}
  - {fileID: 3521105032041245709}
  - {fileID: 3255011126120214532}
  m_Father: {fileID: 1005832488024130219}
  m_RootOrder: 0
  m_LocalEulerAnglesHint: {x: -11.556754, y: 18.038927, z: 5.53461}
--- !u!1 &6234867251393875711
GameObject:
  m_ObjectHideFlags: 0
  m_CorrespondingSourceObject: {fileID: 0}
  m_PrefabInstance: {fileID: 0}
  m_PrefabAsset: {fileID: 0}
  serializedVersion: 6
  m_Component:
  - component: {fileID: 3287434305243051792}
  m_Layer: 0
  m_Name: mixamorig:RightHandIndex3
  m_TagString: Untagged
  m_Icon: {fileID: 0}
  m_NavMeshLayer: 0
  m_StaticEditorFlags: 0
  m_IsActive: 1
--- !u!4 &3287434305243051792
Transform:
  m_ObjectHideFlags: 0
  m_CorrespondingSourceObject: {fileID: 0}
  m_PrefabInstance: {fileID: 0}
  m_PrefabAsset: {fileID: 0}
  m_GameObject: {fileID: 6234867251393875711}
  m_LocalRotation: {x: 0.5314506, y: -0.005440322, z: 0.012048048, w: 0.8469861}
  m_LocalPosition: {x: 0.000044914545, y: 0.029763166, z: -4.3403645e-11}
  m_LocalScale: {x: 1, y: 1, z: 1}
  m_Children:
  - {fileID: 373771549581221263}
  m_Father: {fileID: 6398920833938703449}
  m_RootOrder: 0
  m_LocalEulerAnglesHint: {x: 62.12608, y: 5.2438564, z: 4.824325}
--- !u!1 &6416500083369659995
GameObject:
  m_ObjectHideFlags: 0
  m_CorrespondingSourceObject: {fileID: 0}
  m_PrefabInstance: {fileID: 0}
  m_PrefabAsset: {fileID: 0}
  serializedVersion: 6
  m_Component:
  - component: {fileID: 373771549581221263}
  m_Layer: 0
  m_Name: mixamorig:RightHandIndex4
  m_TagString: Untagged
  m_Icon: {fileID: 0}
  m_NavMeshLayer: 0
  m_StaticEditorFlags: 0
  m_IsActive: 1
--- !u!4 &373771549581221263
Transform:
  m_ObjectHideFlags: 0
  m_CorrespondingSourceObject: {fileID: 0}
  m_PrefabInstance: {fileID: 0}
  m_PrefabAsset: {fileID: 0}
  m_GameObject: {fileID: 6416500083369659995}
  m_LocalRotation: {x: 0.0000000097008215, y: 0.000000002008722, z: -0.000000012334227,
    w: 1}
  m_LocalPosition: {x: -0.000045065342, y: 0.024749001, z: 5.4260796e-10}
  m_LocalScale: {x: 1, y: 1, z: 1}
  m_Children: []
  m_Father: {fileID: 3287434305243051792}
  m_RootOrder: 0
  m_LocalEulerAnglesHint: {x: 0, y: 0, z: 0}
--- !u!1 &6481603931549473989
GameObject:
  m_ObjectHideFlags: 0
  m_CorrespondingSourceObject: {fileID: 0}
  m_PrefabInstance: {fileID: 0}
  m_PrefabAsset: {fileID: 0}
  serializedVersion: 6
  m_Component:
  - component: {fileID: 4853634120274209530}
  m_Layer: 0
  m_Name: mixamorig:RightToeBase
  m_TagString: Untagged
  m_Icon: {fileID: 0}
  m_NavMeshLayer: 0
  m_StaticEditorFlags: 0
  m_IsActive: 1
--- !u!4 &4853634120274209530
Transform:
  m_ObjectHideFlags: 0
  m_CorrespondingSourceObject: {fileID: 0}
  m_PrefabInstance: {fileID: 0}
  m_PrefabAsset: {fileID: 0}
  m_GameObject: {fileID: 6481603931549473989}
  m_LocalRotation: {x: 0.2761493, y: -0.07098617, z: -0.0053751757, w: 0.95847464}
  m_LocalPosition: {x: -3.7421055e-10, y: 0.19299889, z: -0.0000000018056745}
  m_LocalScale: {x: 1, y: 1, z: 1}
  m_Children:
  - {fileID: 326026285090900568}
  m_Father: {fileID: 7157097563608930862}
  m_RootOrder: 0
  m_LocalEulerAnglesHint: {x: 43.279015, y: -43.212402, z: -17.31958}
--- !u!1 &6551620981923466826
GameObject:
  m_ObjectHideFlags: 0
  m_CorrespondingSourceObject: {fileID: 0}
  m_PrefabInstance: {fileID: 0}
  m_PrefabAsset: {fileID: 0}
  serializedVersion: 6
  m_Component:
  - component: {fileID: 5273787509699695162}
  m_Layer: 0
  m_Name: mixamorig:RightHandPinky3
  m_TagString: Untagged
  m_Icon: {fileID: 0}
  m_NavMeshLayer: 0
  m_StaticEditorFlags: 0
  m_IsActive: 1
--- !u!4 &5273787509699695162
Transform:
  m_ObjectHideFlags: 0
  m_CorrespondingSourceObject: {fileID: 0}
  m_PrefabInstance: {fileID: 0}
  m_PrefabAsset: {fileID: 0}
  m_GameObject: {fileID: 6551620981923466826}
  m_LocalRotation: {x: 0.5294088, y: -0.006968981, z: 0.023111777, w: 0.84802336}
  m_LocalPosition: {x: -0.000004471769, y: 0.025346862, z: -1.1987424e-11}
  m_LocalScale: {x: 1, y: 1, z: 1}
  m_Children:
  - {fileID: 4548157142814602114}
  m_Father: {fileID: 2427244936555594510}
  m_RootOrder: 0
  m_LocalEulerAnglesHint: {x: 24.972122, y: -0.06253207, z: 1.1729037}
--- !u!1 &6630605018262210382
GameObject:
  m_ObjectHideFlags: 0
  m_CorrespondingSourceObject: {fileID: 0}
  m_PrefabInstance: {fileID: 0}
  m_PrefabAsset: {fileID: 0}
  serializedVersion: 6
  m_Component:
  - component: {fileID: 7456604755199580364}
  m_Layer: 0
  m_Name: mixamorig:LeftHandIndex4
  m_TagString: Untagged
  m_Icon: {fileID: 0}
  m_NavMeshLayer: 0
  m_StaticEditorFlags: 0
  m_IsActive: 1
--- !u!4 &7456604755199580364
Transform:
  m_ObjectHideFlags: 0
  m_CorrespondingSourceObject: {fileID: 0}
  m_PrefabInstance: {fileID: 0}
  m_PrefabAsset: {fileID: 0}
  m_GameObject: {fileID: 6630605018262210382}
  m_LocalRotation: {x: 0.0000000018887973, y: -9.764617e-10, z: 0.000000010843688,
    w: 1}
  m_LocalPosition: {x: -0.0037940028, y: 0.026295282, z: -0.0021362093}
  m_LocalScale: {x: 1, y: 1, z: 1}
  m_Children: []
  m_Father: {fileID: 953975304185291369}
  m_RootOrder: 0
  m_LocalEulerAnglesHint: {x: 0, y: 0, z: 0}
--- !u!1 &6684843418382747946
GameObject:
  m_ObjectHideFlags: 0
  m_CorrespondingSourceObject: {fileID: 0}
  m_PrefabInstance: {fileID: 0}
  m_PrefabAsset: {fileID: 0}
  serializedVersion: 6
  m_Component:
  - component: {fileID: 3552876716836986944}
  m_Layer: 0
  m_Name: mixamorig:Neck
  m_TagString: Untagged
  m_Icon: {fileID: 0}
  m_NavMeshLayer: 0
  m_StaticEditorFlags: 0
  m_IsActive: 1
--- !u!4 &3552876716836986944
Transform:
  m_ObjectHideFlags: 0
  m_CorrespondingSourceObject: {fileID: 0}
  m_PrefabInstance: {fileID: 0}
  m_PrefabAsset: {fileID: 0}
  m_GameObject: {fileID: 6684843418382747946}
  m_LocalRotation: {x: -0.13006282, y: 0.028248541, z: 0.025231797, w: 0.990782}
  m_LocalPosition: {x: -0, y: 0.17521118, z: 0.0000000024258702}
  m_LocalScale: {x: 1, y: 1, z: 1}
  m_Children:
  - {fileID: 4234514709063371066}
  m_Father: {fileID: 7941751988179938365}
  m_RootOrder: 1
  m_LocalEulerAnglesHint: {x: 10.528444, y: 3.6711287, z: 3.953004}
--- !u!1 &6768702324577511705
GameObject:
  m_ObjectHideFlags: 0
  m_CorrespondingSourceObject: {fileID: 0}
  m_PrefabInstance: {fileID: 0}
  m_PrefabAsset: {fileID: 0}
  serializedVersion: 6
  m_Component:
  - component: {fileID: 1005832488024130219}
  m_Layer: 0
  m_Name: mixamorig:LeftForeArm
  m_TagString: Untagged
  m_Icon: {fileID: 0}
  m_NavMeshLayer: 0
  m_StaticEditorFlags: 0
  m_IsActive: 1
--- !u!4 &1005832488024130219
Transform:
  m_ObjectHideFlags: 0
  m_CorrespondingSourceObject: {fileID: 0}
  m_PrefabInstance: {fileID: 0}
  m_PrefabAsset: {fileID: 0}
  m_GameObject: {fileID: 6768702324577511705}
  m_LocalRotation: {x: 0.0738819, y: 0.29826424, z: -0.5580421, w: 0.77082354}
  m_LocalPosition: {x: -0.0000000010199377, y: 0.23493044, z: -0.0000000017743492}
  m_LocalScale: {x: 1, y: 1, z: 1}
  m_Children:
  - {fileID: 3539349836769356177}
  m_Father: {fileID: 4287294641377554282}
  m_RootOrder: 0
  m_LocalEulerAnglesHint: {x: 7.5385194, y: -26.431646, z: -33.328857}
--- !u!1 &6827642599916324705
GameObject:
  m_ObjectHideFlags: 0
  m_CorrespondingSourceObject: {fileID: 0}
  m_PrefabInstance: {fileID: 0}
  m_PrefabAsset: {fileID: 0}
  serializedVersion: 6
  m_Component:
  - component: {fileID: 7208904739458774791}
  m_Layer: 0
  m_Name: mixamorig:RightHandRing3
  m_TagString: Untagged
  m_Icon: {fileID: 0}
  m_NavMeshLayer: 0
  m_StaticEditorFlags: 0
  m_IsActive: 1
--- !u!4 &7208904739458774791
Transform:
  m_ObjectHideFlags: 0
  m_CorrespondingSourceObject: {fileID: 0}
  m_PrefabInstance: {fileID: 0}
  m_PrefabAsset: {fileID: 0}
  m_GameObject: {fileID: 6827642599916324705}
  m_LocalRotation: {x: 0.635143, y: -0.005918596, z: 0.018759103, w: 0.7721441}
  m_LocalPosition: {x: 0.00001442329, y: 0.029523622, z: 1.2111059e-11}
  m_LocalScale: {x: 1, y: 1, z: 1}
  m_Children:
  - {fileID: 5432486633446808288}
  m_Father: {fileID: 4386787780147829974}
  m_RootOrder: 0
  m_LocalEulerAnglesHint: {x: 53.649197, y: 1.3375946, z: 2.4366932}
--- !u!1 &7216789324610085464
GameObject:
  m_ObjectHideFlags: 0
  m_CorrespondingSourceObject: {fileID: 0}
  m_PrefabInstance: {fileID: 0}
  m_PrefabAsset: {fileID: 0}
  serializedVersion: 6
  m_Component:
  - component: {fileID: 2375864904401353517}
  m_Layer: 0
  m_Name: mixamorig:Hips
  m_TagString: Untagged
  m_Icon: {fileID: 0}
  m_NavMeshLayer: 0
  m_StaticEditorFlags: 0
  m_IsActive: 1
--- !u!4 &2375864904401353517
Transform:
  m_ObjectHideFlags: 0
  m_CorrespondingSourceObject: {fileID: 0}
  m_PrefabInstance: {fileID: 0}
  m_PrefabAsset: {fileID: 0}
  m_GameObject: {fileID: 7216789324610085464}
  m_LocalRotation: {x: 0.07122813, y: 0.022823704, z: -0.031857323, w: 0.9966899}
  m_LocalPosition: {x: -0.00008989781, y: 0.9240054, z: -0.016234383}
  m_LocalScale: {x: 1, y: 1, z: 1}
  m_Children:
  - {fileID: 5234950587239350865}
  - {fileID: 1908775639449291794}
  - {fileID: 2634673255757285566}
  m_Father: {fileID: 7829673181033438137}
  m_RootOrder: 1
  m_LocalEulerAnglesHint: {x: 13.79036, y: -19.806255, z: -1.0795581}
--- !u!1 &7299281399723578663
GameObject:
  m_ObjectHideFlags: 0
  m_CorrespondingSourceObject: {fileID: 0}
  m_PrefabInstance: {fileID: 0}
  m_PrefabAsset: {fileID: 0}
  serializedVersion: 6
  m_Component:
  - component: {fileID: 7521897420130131738}
  m_Layer: 0
  m_Name: mixamorig:RightHandThumb4
  m_TagString: Untagged
  m_Icon: {fileID: 0}
  m_NavMeshLayer: 0
  m_StaticEditorFlags: 0
  m_IsActive: 1
--- !u!4 &7521897420130131738
Transform:
  m_ObjectHideFlags: 0
  m_CorrespondingSourceObject: {fileID: 0}
  m_PrefabInstance: {fileID: 0}
  m_PrefabAsset: {fileID: 0}
  m_GameObject: {fileID: 7299281399723578663}
  m_LocalRotation: {x: -6.7095035e-10, y: 0.000000006151398, z: 0.000000015077562,
    w: 1}
  m_LocalPosition: {x: -0.00010467219, y: 0.026126703, z: 4.258453e-11}
  m_LocalScale: {x: 1, y: 1, z: 1}
  m_Children: []
  m_Father: {fileID: 8136905441358007624}
  m_RootOrder: 0
  m_LocalEulerAnglesHint: {x: 0, y: 0, z: 0}
--- !u!1 &7485904979884425475
GameObject:
  m_ObjectHideFlags: 0
  m_CorrespondingSourceObject: {fileID: 0}
  m_PrefabInstance: {fileID: 0}
  m_PrefabAsset: {fileID: 0}
  serializedVersion: 6
  m_Component:
  - component: {fileID: 7829673181033438137}
  - component: {fileID: 6944507298017541638}
  - component: {fileID: 7485904979884425474}
  - component: {fileID: 7485904979884425472}
  - component: {fileID: 260735600967908360}
  m_Layer: 0
  m_Name: Enemy
  m_TagString: Enemy
  m_Icon: {fileID: 0}
  m_NavMeshLayer: 0
  m_StaticEditorFlags: 0
  m_IsActive: 1
--- !u!4 &7829673181033438137
Transform:
  m_ObjectHideFlags: 0
  m_CorrespondingSourceObject: {fileID: 0}
  m_PrefabInstance: {fileID: 0}
  m_PrefabAsset: {fileID: 0}
  m_GameObject: {fileID: 7485904979884425475}
  m_LocalRotation: {x: 0, y: 0, z: 0, w: 1}
  m_LocalPosition: {x: 0, y: 0, z: 0}
  m_LocalScale: {x: 1, y: 1, z: 1}
  m_Children:
  - {fileID: 8871807783146480526}
  - {fileID: 2375864904401353517}
  - {fileID: 5354413386260869297}
  m_Father: {fileID: 0}
  m_RootOrder: 0
  m_LocalEulerAnglesHint: {x: 0, y: 0, z: 0}
--- !u!65 &6944507298017541638
BoxCollider:
  m_ObjectHideFlags: 0
  m_CorrespondingSourceObject: {fileID: 0}
  m_PrefabInstance: {fileID: 0}
  m_PrefabAsset: {fileID: 0}
  m_GameObject: {fileID: 7485904979884425475}
  m_Material: {fileID: 0}
  m_IsTrigger: 0
  m_Enabled: 1
  serializedVersion: 2
  m_Size: {x: 0.84285146, y: 1.8940341, z: 0.8129623}
  m_Center: {x: 0.01655063, y: 1.0656761, z: -0.011392474}
--- !u!95 &7485904979884425474
Animator:
  serializedVersion: 3
  m_ObjectHideFlags: 0
  m_CorrespondingSourceObject: {fileID: 0}
  m_PrefabInstance: {fileID: 0}
  m_PrefabAsset: {fileID: 0}
  m_GameObject: {fileID: 7485904979884425475}
  m_Enabled: 1
  m_Avatar: {fileID: 0}
  m_Controller: {fileID: 9100000, guid: 02383141cbc64e14ba5874293323244b, type: 2}
  m_CullingMode: 0
  m_UpdateMode: 0
  m_ApplyRootMotion: 1
  m_LinearVelocityBlending: 0
  m_WarningMessage: 
  m_HasTransformHierarchy: 1
  m_AllowConstantClipSamplingOptimization: 1
  m_KeepAnimatorControllerStateOnDisable: 0
--- !u!195 &7485904979884425472
NavMeshAgent:
  m_ObjectHideFlags: 0
  m_CorrespondingSourceObject: {fileID: 0}
  m_PrefabInstance: {fileID: 0}
  m_PrefabAsset: {fileID: 0}
  m_GameObject: {fileID: 7485904979884425475}
  m_Enabled: 1
  m_AgentTypeID: 0
  m_Radius: 0.5
  m_Speed: 3.5
  m_Acceleration: 8
  avoidancePriority: 50
  m_AngularSpeed: 120
  m_StoppingDistance: 0
  m_AutoTraverseOffMeshLink: 1
  m_AutoBraking: 1
  m_AutoRepath: 1
  m_Height: 2
  m_BaseOffset: 0
  m_WalkableMask: 4294967295
  m_ObstacleAvoidanceType: 4
--- !u!114 &260735600967908360
MonoBehaviour:
  m_ObjectHideFlags: 0
  m_CorrespondingSourceObject: {fileID: 0}
  m_PrefabInstance: {fileID: 0}
  m_PrefabAsset: {fileID: 0}
  m_GameObject: {fileID: 7485904979884425475}
  m_Enabled: 1
  m_EditorHideFlags: 0
  m_Script: {fileID: 11500000, guid: f3d2b71a6c523a0409e02ac919d68780, type: 3}
  m_Name: 
  m_EditorClassIdentifier: 
  anim: {fileID: 7485904979884425474}
  agent: {fileID: 7485904979884425472}
  targetPlayer: {fileID: 0}
  meleeRange: 2.5
  currentHP: 0
  maxHP: 100
  damage: 10
  giveExperience: 20
  healthBar: {fileID: 598203776579611854}
  weaponCollider: {fileID: 7104384452756326016}
--- !u!1 &7583231918385315348
GameObject:
  m_ObjectHideFlags: 0
  m_CorrespondingSourceObject: {fileID: 0}
  m_PrefabInstance: {fileID: 0}
  m_PrefabAsset: {fileID: 0}
  serializedVersion: 6
  m_Component:
  - component: {fileID: 4064382066247738199}
  m_Layer: 0
  m_Name: mixamorig:RightArm
  m_TagString: Untagged
  m_Icon: {fileID: 0}
  m_NavMeshLayer: 0
  m_StaticEditorFlags: 0
  m_IsActive: 1
--- !u!4 &4064382066247738199
Transform:
  m_ObjectHideFlags: 0
  m_CorrespondingSourceObject: {fileID: 0}
  m_PrefabInstance: {fileID: 0}
  m_PrefabAsset: {fileID: 0}
  m_GameObject: {fileID: 7583231918385315348}
  m_LocalRotation: {x: 0.2208953, y: -0.056100007, z: 0.22987245, w: 0.94615895}
  m_LocalPosition: {x: -7.593767e-11, y: 0.14705868, z: -0.000000001006461}
  m_LocalScale: {x: 1, y: 1, z: 1}
  m_Children:
  - {fileID: 5238092989866936826}
  m_Father: {fileID: 657107619248915919}
  m_RootOrder: 0
  m_LocalEulerAnglesHint: {x: 21.43615, y: 1.0028048, z: 26.958954}
--- !u!1 &7700457101016085322
GameObject:
  m_ObjectHideFlags: 0
  m_CorrespondingSourceObject: {fileID: 0}
  m_PrefabInstance: {fileID: 0}
  m_PrefabAsset: {fileID: 0}
  serializedVersion: 6
  m_Component:
  - component: {fileID: 6295976764596369254}
  - component: {fileID: 3781679265783616244}
  - component: {fileID: 598203776579611854}
  m_Layer: 0
  m_Name: HealthBar
  m_TagString: Untagged
  m_Icon: {fileID: 0}
  m_NavMeshLayer: 0
  m_StaticEditorFlags: 0
  m_IsActive: 1
--- !u!224 &6295976764596369254
RectTransform:
  m_ObjectHideFlags: 0
  m_CorrespondingSourceObject: {fileID: 0}
  m_PrefabInstance: {fileID: 0}
  m_PrefabAsset: {fileID: 0}
  m_GameObject: {fileID: 7700457101016085322}
  m_LocalRotation: {x: 0, y: 0, z: 0, w: 1}
  m_LocalPosition: {x: 0, y: 0, z: 0}
  m_LocalScale: {x: 1, y: 1, z: 1}
  m_Children:
  - {fileID: 3221804074855006242}
  - {fileID: 1465475359562487439}
  m_Father: {fileID: 5354413386260869297}
  m_RootOrder: 0
  m_LocalEulerAnglesHint: {x: 0, y: 0, z: 0}
  m_AnchorMin: {x: 0, y: 0}
  m_AnchorMax: {x: 1, y: 1}
  m_AnchoredPosition: {x: 0, y: 2.26}
  m_SizeDelta: {x: -23.282988, y: -24.493713}
  m_Pivot: {x: 0.5, y: 0.5}
--- !u!114 &3781679265783616244
MonoBehaviour:
  m_ObjectHideFlags: 0
  m_CorrespondingSourceObject: {fileID: 0}
  m_PrefabInstance: {fileID: 0}
  m_PrefabAsset: {fileID: 0}
  m_GameObject: {fileID: 7700457101016085322}
  m_Enabled: 1
  m_EditorHideFlags: 0
  m_Script: {fileID: 11500000, guid: 67db9e8f0e2ae9c40bc1e2b64352a6b4, type: 3}
  m_Name: 
  m_EditorClassIdentifier: 
  m_Navigation:
    m_Mode: 0
    m_SelectOnUp: {fileID: 0}
    m_SelectOnDown: {fileID: 0}
    m_SelectOnLeft: {fileID: 0}
    m_SelectOnRight: {fileID: 0}
  m_Transition: 0
  m_Colors:
    m_NormalColor: {r: 1, g: 1, b: 1, a: 1}
    m_HighlightedColor: {r: 0.9607843, g: 0.9607843, b: 0.9607843, a: 1}
    m_PressedColor: {r: 0.78431374, g: 0.78431374, b: 0.78431374, a: 1}
    m_SelectedColor: {r: 0.9607843, g: 0.9607843, b: 0.9607843, a: 1}
    m_DisabledColor: {r: 0.78431374, g: 0.78431374, b: 0.78431374, a: 0.5019608}
    m_ColorMultiplier: 1
    m_FadeDuration: 0.1
  m_SpriteState:
    m_HighlightedSprite: {fileID: 0}
    m_PressedSprite: {fileID: 0}
    m_SelectedSprite: {fileID: 0}
    m_DisabledSprite: {fileID: 0}
  m_AnimationTriggers:
    m_NormalTrigger: Normal
    m_HighlightedTrigger: Highlighted
    m_PressedTrigger: Pressed
    m_SelectedTrigger: Selected
    m_DisabledTrigger: Disabled
  m_Interactable: 0
  m_TargetGraphic: {fileID: 0}
  m_FillRect: {fileID: 3221804074855006242}
  m_HandleRect: {fileID: 0}
  m_Direction: 1
  m_MinValue: 0
  m_MaxValue: 100
  m_WholeNumbers: 1
  m_Value: 100
  m_OnValueChanged:
    m_PersistentCalls:
      m_Calls: []
--- !u!114 &598203776579611854
MonoBehaviour:
  m_ObjectHideFlags: 0
  m_CorrespondingSourceObject: {fileID: 0}
  m_PrefabInstance: {fileID: 0}
  m_PrefabAsset: {fileID: 0}
  m_GameObject: {fileID: 7700457101016085322}
  m_Enabled: 1
  m_EditorHideFlags: 0
  m_Script: {fileID: 11500000, guid: 2bc3577d0a19fc84db6c886bea43a0ee, type: 3}
  m_Name: 
  m_EditorClassIdentifier: 
  slider: {fileID: 3781679265783616244}
--- !u!1 &7710930201940734635
GameObject:
  m_ObjectHideFlags: 0
  m_CorrespondingSourceObject: {fileID: 0}
  m_PrefabInstance: {fileID: 0}
  m_PrefabAsset: {fileID: 0}
  serializedVersion: 6
  m_Component:
  - component: {fileID: 657107619248915919}
  m_Layer: 0
  m_Name: mixamorig:RightShoulder
  m_TagString: Untagged
  m_Icon: {fileID: 0}
  m_NavMeshLayer: 0
  m_StaticEditorFlags: 0
  m_IsActive: 1
--- !u!4 &657107619248915919
Transform:
  m_ObjectHideFlags: 0
  m_CorrespondingSourceObject: {fileID: 0}
  m_PrefabInstance: {fileID: 0}
  m_PrefabAsset: {fileID: 0}
  m_GameObject: {fileID: 7710930201940734635}
  m_LocalRotation: {x: 0.5624168, y: 0.5074199, z: -0.55543476, w: 0.34308118}
  m_LocalPosition: {x: 0.073858544, y: 0.16397302, z: -0.00026008932}
  m_LocalScale: {x: 1, y: 1, z: 1}
  m_Children:
  - {fileID: 4064382066247738199}
  m_Father: {fileID: 7941751988179938365}
  m_RootOrder: 2
  m_LocalEulerAnglesHint: {x: 75.570656, y: -136.24997, z: 164.77344}
--- !u!1 &7970547363684045938
GameObject:
  m_ObjectHideFlags: 0
  m_CorrespondingSourceObject: {fileID: 0}
  m_PrefabInstance: {fileID: 0}
  m_PrefabAsset: {fileID: 0}
  serializedVersion: 6
  m_Component:
  - component: {fileID: 2427244936555594510}
  m_Layer: 0
  m_Name: mixamorig:RightHandPinky2
  m_TagString: Untagged
  m_Icon: {fileID: 0}
  m_NavMeshLayer: 0
  m_StaticEditorFlags: 0
  m_IsActive: 1
--- !u!4 &2427244936555594510
Transform:
  m_ObjectHideFlags: 0
  m_CorrespondingSourceObject: {fileID: 0}
  m_PrefabInstance: {fileID: 0}
  m_PrefabAsset: {fileID: 0}
  m_GameObject: {fileID: 7970547363684045938}
  m_LocalRotation: {x: 0.6748099, y: -0.005922689, z: 0.031489644, w: 0.73729575}
  m_LocalPosition: {x: 0.000015080424, y: 0.02966922, z: 6.103164e-11}
  m_LocalScale: {x: 1, y: 1, z: 1}
  m_Children:
  - {fileID: 5273787509699695162}
  m_Father: {fileID: 8908155395379393594}
  m_RootOrder: 0
  m_LocalEulerAnglesHint: {x: 45.551083, y: 1.2977754, z: 2.8191125}
--- !u!1 &8285339130056982077
GameObject:
  m_ObjectHideFlags: 0
  m_CorrespondingSourceObject: {fileID: 0}
  m_PrefabInstance: {fileID: 0}
  m_PrefabAsset: {fileID: 0}
  serializedVersion: 6
  m_Component:
  - component: {fileID: 1875598153408461556}
  m_Layer: 0
  m_Name: mixamorig:RightHandIndex1
  m_TagString: Untagged
  m_Icon: {fileID: 0}
  m_NavMeshLayer: 0
  m_StaticEditorFlags: 0
  m_IsActive: 1
--- !u!4 &1875598153408461556
Transform:
  m_ObjectHideFlags: 0
  m_CorrespondingSourceObject: {fileID: 0}
  m_PrefabInstance: {fileID: 0}
  m_PrefabAsset: {fileID: 0}
  m_GameObject: {fileID: 8285339130056982077}
  m_LocalRotation: {x: 0.5470622, y: 0.08250685, z: 0.13969116, w: 0.8212198}
  m_LocalPosition: {x: -0.032223437, y: 0.10188788, z: 0.0024905028}
  m_LocalScale: {x: 1, y: 1, z: 1}
  m_Children:
  - {fileID: 6398920833938703449}
  m_Father: {fileID: 8257213514547987354}
  m_RootOrder: 0
  m_LocalEulerAnglesHint: {x: 36.34086, y: 14.647882, z: 15.348751}
--- !u!1 &8505130507447183883
GameObject:
  m_ObjectHideFlags: 0
  m_CorrespondingSourceObject: {fileID: 0}
  m_PrefabInstance: {fileID: 0}
  m_PrefabAsset: {fileID: 0}
  serializedVersion: 6
  m_Component:
  - component: {fileID: 8908155395379393594}
  m_Layer: 0
  m_Name: mixamorig:RightHandPinky1
  m_TagString: Untagged
  m_Icon: {fileID: 0}
  m_NavMeshLayer: 0
  m_StaticEditorFlags: 0
  m_IsActive: 1
--- !u!4 &8908155395379393594
Transform:
  m_ObjectHideFlags: 0
  m_CorrespondingSourceObject: {fileID: 0}
  m_PrefabInstance: {fileID: 0}
  m_PrefabAsset: {fileID: 0}
  m_GameObject: {fileID: 8505130507447183883}
  m_LocalRotation: {x: 0.6369412, y: -0.07847973, z: -0.15093073, w: 0.7519088}
  m_LocalPosition: {x: 0.031785127, y: 0.08884513, z: 0.0026455312}
  m_LocalScale: {x: 1, y: 1, z: 1}
  m_Children:
  - {fileID: 2427244936555594510}
  m_Father: {fileID: 8257213514547987354}
  m_RootOrder: 2
  m_LocalEulerAnglesHint: {x: 48.691654, y: -11.244363, z: -5.948018}
--- !u!1 &8562493225264694630
GameObject:
  m_ObjectHideFlags: 0
  m_CorrespondingSourceObject: {fileID: 0}
  m_PrefabInstance: {fileID: 0}
  m_PrefabAsset: {fileID: 0}
  serializedVersion: 6
  m_Component:
  - component: {fileID: 5136290167199089992}
  m_Layer: 0
  m_Name: mixamorig:RightHandMiddle3
  m_TagString: Untagged
  m_Icon: {fileID: 0}
  m_NavMeshLayer: 0
  m_StaticEditorFlags: 0
  m_IsActive: 1
--- !u!4 &5136290167199089992
Transform:
  m_ObjectHideFlags: 0
  m_CorrespondingSourceObject: {fileID: 0}
  m_PrefabInstance: {fileID: 0}
  m_PrefabAsset: {fileID: 0}
  m_GameObject: {fileID: 8562493225264694630}
  m_LocalRotation: {x: 0.5468436, y: -0.0056052916, z: 0.020254362, w: 0.836971}
  m_LocalPosition: {x: -0.0000059326608, y: 0.03308296, z: 2.9593789e-10}
  m_LocalScale: {x: 1, y: 1, z: 1}
  m_Children:
  - {fileID: 6938885990295854203}
  m_Father: {fileID: 3684509212103746398}
  m_RootOrder: 0
  m_LocalEulerAnglesHint: {x: 41.084984, y: 0.63763607, z: 2.4174895}
--- !u!1 &8770582689559907263
GameObject:
  m_ObjectHideFlags: 0
  m_CorrespondingSourceObject: {fileID: 0}
  m_PrefabInstance: {fileID: 0}
  m_PrefabAsset: {fileID: 0}
  serializedVersion: 6
  m_Component:
  - component: {fileID: 3652052076382833916}
  m_Layer: 0
  m_Name: mixamorig:LeftToeBase
  m_TagString: Untagged
  m_Icon: {fileID: 0}
  m_NavMeshLayer: 0
  m_StaticEditorFlags: 0
  m_IsActive: 1
--- !u!4 &3652052076382833916
Transform:
  m_ObjectHideFlags: 0
  m_CorrespondingSourceObject: {fileID: 0}
  m_PrefabInstance: {fileID: 0}
  m_PrefabAsset: {fileID: 0}
  m_GameObject: {fileID: 8770582689559907263}
  m_LocalRotation: {x: 0.43588617, y: 0.246271, z: -0.0050458056, w: 0.86563754}
  m_LocalPosition: {x: -8.382215e-10, y: 0.19100307, z: 0.0000000026824358}
  m_LocalScale: {x: 1, y: 1, z: 1}
  m_Children:
  - {fileID: 5997591302529878314}
  m_Father: {fileID: 5456883381956878947}
  m_RootOrder: 0
  m_LocalEulerAnglesHint: {x: 37.878735, y: 8.120088, z: 3.943473}
--- !u!1 &8919062074472485222
GameObject:
  m_ObjectHideFlags: 0
  m_CorrespondingSourceObject: {fileID: 0}
  m_PrefabInstance: {fileID: 0}
  m_PrefabAsset: {fileID: 0}
  serializedVersion: 6
  m_Component:
  - component: {fileID: 953975304185291369}
  m_Layer: 0
  m_Name: mixamorig:LeftHandIndex3
  m_TagString: Untagged
  m_Icon: {fileID: 0}
  m_NavMeshLayer: 0
  m_StaticEditorFlags: 0
  m_IsActive: 1
--- !u!4 &953975304185291369
Transform:
  m_ObjectHideFlags: 0
  m_CorrespondingSourceObject: {fileID: 0}
  m_PrefabInstance: {fileID: 0}
  m_PrefabAsset: {fileID: 0}
  m_GameObject: {fileID: 8919062074472485222}
  m_LocalRotation: {x: 0.5609409, y: 0.04800606, z: -0.0571176, w: 0.8244867}
  m_LocalPosition: {x: -0.0008540039, y: 0.028899461, z: -0.00014525189}
  m_LocalScale: {x: 1, y: 1, z: 1}
  m_Children:
  - {fileID: 7456604755199580364}
  m_Father: {fileID: 92231234722172954}
  m_RootOrder: 0
  m_LocalEulerAnglesHint: {x: 55.675453, y: 0.40023535, z: -7.760339}
--- !u!1 &8998847159202876633
GameObject:
  m_ObjectHideFlags: 0
  m_CorrespondingSourceObject: {fileID: 0}
  m_PrefabInstance: {fileID: 0}
  m_PrefabAsset: {fileID: 0}
  serializedVersion: 6
  m_Component:
  - component: {fileID: 9121389127575741025}
  m_Layer: 0
  m_Name: mixamorig:LeftHandRing2
  m_TagString: Untagged
  m_Icon: {fileID: 0}
  m_NavMeshLayer: 0
  m_StaticEditorFlags: 0
  m_IsActive: 1
--- !u!4 &9121389127575741025
Transform:
  m_ObjectHideFlags: 0
  m_CorrespondingSourceObject: {fileID: 0}
  m_PrefabInstance: {fileID: 0}
  m_PrefabAsset: {fileID: 0}
  m_GameObject: {fileID: 8998847159202876633}
  m_LocalRotation: {x: 0.5995559, y: -0.030175427, z: -0.04590818, w: 0.7984451}
  m_LocalPosition: {x: 0.0038558873, y: 0.042643245, z: 0.00002724128}
  m_LocalScale: {x: 1, y: 1, z: 1}
  m_Children:
  - {fileID: 6504207374227221225}
  m_Father: {fileID: 3521105032041245709}
  m_RootOrder: 0
  m_LocalEulerAnglesHint: {x: 39.13463, y: -3.9854536, z: -6.843052}
--- !u!1 &9122956757135200489
GameObject:
  m_ObjectHideFlags: 0
  m_CorrespondingSourceObject: {fileID: 0}
  m_PrefabInstance: {fileID: 0}
  m_PrefabAsset: {fileID: 0}
  serializedVersion: 6
  m_Component:
  - component: {fileID: 2634673255757285566}
  m_Layer: 0
  m_Name: mixamorig:Spine
  m_TagString: Untagged
  m_Icon: {fileID: 0}
  m_NavMeshLayer: 0
  m_StaticEditorFlags: 0
  m_IsActive: 1
--- !u!4 &2634673255757285566
Transform:
  m_ObjectHideFlags: 0
  m_CorrespondingSourceObject: {fileID: 0}
  m_PrefabInstance: {fileID: 0}
  m_PrefabAsset: {fileID: 0}
  m_GameObject: {fileID: 9122956757135200489}
  m_LocalRotation: {x: 0.07546145, y: -0.017318772, z: 0.005268363, w: 0.99698436}
  m_LocalPosition: {x: -0, y: 0.11654694, z: -0.0077970754}
  m_LocalScale: {x: 1, y: 1, z: 1}
  m_Children:
  - {fileID: 8902914074128358486}
  m_Father: {fileID: 2375864904401353517}
  m_RootOrder: 2
  m_LocalEulerAnglesHint: {x: 11.513334, y: -4.251665, z: 0.3462593}
